2580 4890
168 378 243 443 440
418 369 586 433 auctae
604 366 735 431 Llllllll
754 364 1009 429 SECUNDUS.

171 548 344 622 credimus,
366 540 519 605 laicorum
540 538 647 619 aliquo
670 536 727 601 tibi
744 537 873 621 iugenio
890 534 1079 599 tentaverit
1093 534 1233 599 obsisten-

170 651 260 726 dum,
286 670 306 711 a
331 641 612 723 sanctissiruae¹⁵)
640 660 714 703 cum
740 638 977 701 communionis
1004 638 1234 719 participatione

171 749 344 831 suspende,
375 744 530 824 nobisque
559 726 747 805 renunciare
777 740 912 819 festina,
946 746 1000 818 ut,
1030 748 1182 820 quantum
1203 742 1235 803 sit

131 908 136 917 .
173 848 371 928 execrabile,
395 846 478 926 quod
497 845 685 925 praesumit,
707 848 873 923 postquam
896 841 1164 906 consideratione
1177 863 1235 923 pro-

172 956 243 1037 pria
264 973 326 1016 non
354 949 504 1026 advertit,
532 945 762 1009 emendationis
789 942 946 1023 qualitate
973 952 1163 1029 cognoscat.
1207 942 1234 1007 ls

172 1056 223 1120 bis
246 1061 351 1118 autem
373 1049 519 1113 omnibus
543 1048 588 1111 ita
609 1052 735 1110 cautum
758 1066 796 1108 ac
814 1044 1006 1130 vigilantem
1034 1054 1070 1110 te
1088 1045 1235 1111 ostendere

174 1157 282 1235 stude,
308 1161 344 1218 ut
366 1150 488 1232 culpam
510 1158 595 1214 tuam
618 1169 683 1211 nou
709 1148 873 1232 geminare
898 1146 1092 1233 neglectus,
1120 1148 1175 1213 sed
1192 1145 1235 1213 uli·

176 1261 355 1342 quantisper
372 1254 480 1321 voleat
496 1250 679 1317 sollicitudo
696 1252 850 1314 minuere.

24 1420 27 1427 Ι
58 1502 169 1554 naon
452 1476 489 1542 C.
508 1472 680 1541 XXXIV.
723 1472 778 1539 De
794 1474 904 1539 eaden
922 1496 972 1541 re.

325 1614 532 1699 Gregorius
549 1610 684 1697 Sergio
702 1610 899 1676 defensori
918 1620 1062 1678 nostro
1075 1608 1118 1699 ΙΙ).

265 1734 301 1800 Si
318 1735 414 1799 bomo
429 1756 527 1813 esses,
545 1739 600 1796 aut
614 1732 906 1815 obtunsionemff)
920 1730 1069 1814 aliquam
1082 1732 1237 1812 besuus,

181 1840 227 1902 ita
252 1836 406 1921 regularis
433 1833 616 1914 disciplinae
642 1833 779 1897 debuisti
809 1840 917 1897 custos
948 1838 1118 1917 existere,
1147 1844 1182 1901 ut
1204 1856 1238 1913 cs,

183 1961 264 2022 quae
290 1937 355 2002 illic
380 1936 493 2000 illicite
518 1932 770 2014 committuntur,
797 1940 874 1999 unte
894 1936 1046 2003 vindicta
1072 1942 1240 2023 corrigeres,

183 2064 276 2125 quam
302 2040 342 2104 ad
361 2059 420 2104 uos
442 2060 551 2102 eoram
574 2040 706 2102 nuncius
727 2039 920 2119 perveniret.
965 2038 1049 2120 Sed,
1069 2040 1146 2105 dum
1167 2041 1241 2105 ninia

184 2143 319 2208 stultitia
335 2150 368 2206 te
384 2142 460 2205 lacit
478 2138 701 2226 negligentem,
719 2161 782 2203 nou
800 2137 906 2203 solam
919 2140 960 2205 de
976 2139 1045 2207 illis
1059 2144 1241 2219 offendimur,

183 2248 240 2312 sed
259 2249 353 2311 etiam
372 2244 411 2308 ad
430 2241 643 2307 ulciscendam
661 2242 813 2305 desidiam
833 2248 923 2305 tuam
940 2242 1178 2311 nihilomninus
1191 2264 1244 2327 pro

184 2371 345 2414 vocamur.
390 2345 488 2410 Omni
510 2365 586 2429 ergo
605 2342 757 2407 dilatione
775 2346 922 2423 omnique
941 2350 1163 2413 excusatione
1176 2353 1244 2429 post·

184 2454 300 2533 posita,
318 2448 417 2514 filiam
434 2444 593 2532 gloriosae
611 2443 938 2511 memoriae'l'ulliaui
955 2452 1113 2535 magistri
1124 2448 1245 2527 mildae.

187 2577 267 2636 quac
292 2554 459 2635 proiectis,
487 2572 563 2630 quas
590 2556 702 2629 sponte
724 2550 888 2627 assumsit,
915 2548 1086 2636 religiosis
1114 2552 1245 2629 rutilo,

186 2657 377 2721 indumentis
398 2653 489 2718 laicis
512 2675 547 2715 se
570 2651 763 2731 deturpavit,
790 2672 855 2713 nna
878 2673 949 2714 cum
973 2653 1083 2719 fratre
1105 2665 1140 2720 ct
1163 2654 1247 2735 coepi

187 2780 283 2839 scopo
307 2766 417 2821 nostro
443 2754 607 2819 Vitaliano
634 2753 750 2815 festina
777 2752 1067 2837 comprehendere,
1102 2752 1247 2839 atquesl

187 2859 372 2941 religiosum
398 2880 504 2921 rursus
535 2856 675 2919 habitum
703 2876 871 2934 revocare,
907 2879 944 2918 ac
973 2860 1008 2920 iu
1035 2861 1247 2925 monasterio!

188 2962 331 3037 mittere,
357 2960 409 3022 ubi
436 2960 608 3041 stricte⁷⁷)
636 2959 765 3020 omuino
787 2954 895 3020 valeat
918 2961 1098 3042 custodiri,
1127 2961 1248 3027 neociut
1275 2942 1284 3031 l

189 3062 362 3126 custodiam
386 3061 584 3142 aliquatenus
606 3058 743 3122 relevari
765 3061 946 3140 permittas,
973 3084 1144 3146 quousque
1161 3070 1250 3129 uostn

190 3166 292 3228 denuo
311 3166 429 3244 scripta
446 3163 630 3242 susceperis.
661 3158 757 3239 Nam,
776 3164 804 3224 si
822 3160 966 3241 quolibet
984 3166 1086 3229 modo
1106 3170 1140 3232 iu
1156 3166 1212 3231 lrac
1224 3184 1250 3227 rc

190 3267 354 3354 negligens
372 3266 424 3330 vel
441 3266 545 3329 lentus
564 3266 728 3342 extiteris,
746 3264 793 3326 ita
809 3265 841 3325 in
861 3271 892 3326 te
912 3264 1156 3333 districtissime
1172 3288 1251 3333 uore-

153 3424 157 3431 .
189 3375 233 3435 ris
251 3371 488 3448 vindicandum,
505 3375 557 3444 ut,
576 3368 658 3448 quod
676 3375 769 3431 exte
787 3368 908 3445 nescis,
930 3389 1041 3446 poena
1060 3362 1167 3451 possis
1182 3391 1251 3435 rese·

192 3475 347 3557 contest)
375 3493 582 3557 cognoscere,
611 3473 700 3550 quia,
728 3473 809 3533 sicut
830 3469 988 3549 diximum,
1017 3475 1048 3535 si
1074 3472 1252 3538 intellectum

191 3575 328 3639 hominis
356 3575 537 3652 habuisses,
569 3572 664 3651 baec,
692 3593 781 3653 quae
797 3572 902 3634 facere
928 3573 1029 3636 modo
1059 3576 1251 3657 praeceperit,
1273 3506 1288 3649 l

194 3686 267 3741 ante
287 3678 504 3752 debuerasw)
524 3678 620 3739 etiam
638 3696 709 3738 cum
727 3673 847 3737 ultione
865 3695 885 3735 a
901 3681 934 3737 te
952 3674 1046 3739 facta
1066 3696 1250 3764 cognoscere·

264 3939 291 3983 C.
309 3938 429 3983 XXXtV.
465 3938 493 3996 b)
511 3939 572 3995 Reg.
589 3940 617 3986 lt.
627 3940 692 3985 t'lll.
707 3951 747 3996 ep.
763 3938 786 3984 o.
801 3931 865 3999 (scr.
879 3949 939 3984 oua.
955 3940 1046 4001 598),
1068 3940 1108 3989 ed.
1118 3942 1196 3987 bitur.
1208 3935 1249 3997 (sk
1281 3986 1284 3991 .

195 4004 781 4064 Lib.t'11.ep.10.).—c.xxvn.q.1.c.19.

239 4158 272 4217 C.
296 4153 429 4214 XXXlll.
458 4159 515 4227 75)
538 4160 707 4216 sacratim-
751 4176 834 4216 nem:
854 4156 932 4215 Grat.
963 4165 1018 4237 77)
1034 4164 1186 4221 alboino.-
1201 4154 1243 4215 tm
1257 4118 1279 4267 ‘a

196 4262 277 4301 strae:
298 4242 371 4318 orig.
393 4240 471 4299 Grat.
752 4242 831 4302 Grat.
855 4248 908 4313 78)
928 4257 1112 4307 reserante:
1129 4244 1190 4305 ibid.
1209 4240 1240 4309 79}

240 4328 274 4386 C.
301 4326 435 4387 xxxiv.
469 4332 522 4401 76)
552 4329 707 4388 de'scretio·
751 4338 817 4387 ate
836 4327 1055 4393 debueramus.-
1075 4334 1151 4412 orig.
1168 4330 1227 4389 Gal·
