2594 4898
184 292 256 363 900
470 287 636 363 uectae
655 285 788 347 LlBllli
807 284 983 364 tatinus
1075 278 1096 352 .⁸

184 457 319 521 cundum
350 455 474 520 Graeca
504 455 663 520 elementa
693 453 851 539 significat
880 453 1015 520 AMHN
1028 458 1119 538 ⁶⁹⁹).
1173 454 1246 522 Tres

183 562 280 642 igitur
305 559 486 638 praedictae
510 557 623 620 literae
647 555 807 636 Graecae,
838 558 872 619 id
899 566 962 636 est,
995 559 1047 635 Π,
1078 561 1120 636 Y,
1143 559 1195 638 A,
1221 568 1247 624 θῖ
1286 560 1288 565 ’

185 663 287 741 prima
307 659 402 722 litera
424 682 468 723 ex
490 662 617 722 nomine
639 656 742 738 Petri,
769 659 800 721 id
820 665 884 738 est,
911 659 963 736 H,
983 657 1084 723 DLX
1104 668 1138 724 θῖ
1155 660 1172 725 Ι
1189 660 1248 724 effi·

187 764 273 824 ciunt
289 781 451 835 numeros;
478 761 521 824 Π
536 763 634 839 enim,
663 758 743 840 qnae
762 767 811 823 est
827 762 928 838 prima
944 762 978 823 in
996 763 1127 824 nomine
1144 764 1249 827 summi

185 862 302 942 Patris,
321 862 458 925 LXXX
470 869 627 941 numerat,
652 863 683 925 Y
697 882 783 940 vero,
803 882 883 940 quae
902 870 951 924 est
962 864 1064 941 prima
1078 865 1114 925 in
1127 848 1249 927 nemine

184 962 275 1043 Filii,
299 961 418 1037 CCCC
434 970 595 1043 numerat,
617 961 757 1041 Aver'o,
783 985 862 1043 quae
884 965 985 1042 prima
1007 967 1109 1027 estin
1128 966 1250 1028 nemine

186 1065 320 1144 Spiritus
339 1068 452 1145 sancti,
470 1087 567 1128 unum
584 1065 712 1127 indicat.
750 1063 786 1126 Si
803 1065 901 1149 addas
918 1065 966 1141 Π,
987 1066 1116 1144 quaein
1130 1068 1251 1129 nomine

185 1167 273 1229 Petri
291 1175 341 1230 est
357 1169 471 1247 prima,
490 1168 523 1229 id
536 1176 603 1246 est,
626 1164 777 1245 LXXX,
800 1168 940 1246 reperies
957 1150 1083 1230 DLXI.
1120 1164 1249 1230 AMHN

128 1323 131 1327 Δ
184 1290 274 1347 vero,
294 1271 377 1348 quod
390 1272 423 1333 in
436 1267 501 1332 fine
518 1268 700 1348 praedictae
719 1267 871 1348 epistolae
888 1271 1038 1348 scriptum
1056 1276 1119 1348 est,
1137 1267 1251 1333 XCLX

185 1369 317 1445 indicat3
345 1369 376 1433 A
394 1373 478 1433 enirn
495 1392 606 1449 unum,
630 1368 679 1449 M,
697 1368 778 1448 XL,
796 1369 840 1448 H,
858 1367 955 1447 Vlll,
966 1368 1011 1449 N,
1028 1369 1058 1433 L
1075 1379 1250 1448 numerant,

187 1472 238 1550 qui
259 1468 376 1533 XCIX
399 1470 540 1535 efficiunt
566 1493 731 1550 numeros,
758 1474 826 1534 sive
841 1493 1006 1559 ,summam
1032 1478 1136 1535 tetam
1164 1470 1251 1535 simul

184 1573 311 1654 iungas,
330 1569 455 1634 DCLX
475 1570 609 1650 epistola
627 1594 774 1635 numeros
792 1580 889 1638 tenet.

271 1671 336 1734 Sed
353 1680 481 1751 propter
497 1673 599 1735 minus
616 1676 752 1737 scientes
770 1674 917 1754 ponenda
933 1674 1082 1739 videntur
1096 1674 1250 1739 elementa

185 1775 255 1852 ipsa
273 1770 397 1836 Graeca
416 1795 486 1837 cum
503 1777 640 1838 numeris
657 1776 803 1854 propriis.

494 1925 661 1992 Graeca
684 1927 942 2013 literanum).

223 2066 248 2107 1.
291 2064 330 2108 rr.
379 2066 432 2108 nr.
474 2064 522 2108 ιν.
578 2068 609 2111 v.
668 2065 715 2110 vr.
767 2065 826 2108 vn.
879 2068 952 2112 rur.
1000 2067 1051 2111 rx.
1103 2068 1140 2113 x·
1191 2066 1249 2112 xx.

205 2142 253 2208 A.
279 2139 326 2208 B.
376 2141 420 2210 Γ.
471 2132 518 2211 Δ.
569 2142 609 2208 ll.
676 2139 725 2216 S·
777 2142 823 2210 Z.
895 2144 943 2213 H.
1006 2143 1047 2212 Θ.
1108 2144 1137 2210 Ι.
1199 2143 1243 2210 K.

114 2272 118 2281 »
184 2252 273 2297 xxx.
320 2254 381 2297 xa.
429 2253 462 2296 n.
511 2253 567 2297 nx.
615 2225 700 2297 nur.v
743 2254 844 2299 nxxx.
889 2258 943 2301 xc.
997 2256 1026 2299 c.
1076 2256 1130 2300 cc.
1182 2254 1249 2298 ecc.

200 2327 253 2421 Λ,
318 2329 379 2397 Μ.
421 2328 470 2396 Ν.
516 2323 558 2400 Ξ.
632 2326 675 2402 o.
760 2331 815 2399 11.
883 2336 937 2420 a.
989 2331 1034 2401 P.
1086 2331 1135 2399 Σ
1177 2330 1237 2431 r.

185 2440 280 2483 000οι
325 2442 360 2484 Β.
404 2440 461 2484 DC·
505 2440 586 2487 DCC.
621 2443 720 2488 DCCC·
756 2443 876 2494 DCCCC.

214 2519 251 2583 Y.
316 2513 458 2585 Φ.Χ.
523 2517 564 2586 Ψ.
646 2521 704 2586 dr.
790 2511 841 2586 Ω.

291 2672 329 2738 C.
353 2672 504 2738 CCCCL.
548 2673 729 2761 Exemplar
751 2678 905 2761 epistolae
922 2623 1144 2762 formaturi).

125 2787 174 2831 4³⁸
269 2791 307 2855 ln
324 2795 451 2855 nondne
467 2794 515 2858 Π.
534 2792 638 2858 Patris
657 2803 690 2858 et
713 2796 747 2859 Y.
770 2793 845 2858 Filii
868 2803 900 2860 θῖ
916 2794 961 2860 Α.
981 2794 1116 2875 Spiritus
1138 2798 1249 2861 sancti.

183 2892 369 2972 Ratbodns,
401 2902 531 2959 sanctae
559 2894 750 2958 'l'revericae
782 2895 936 2960 ecclesiae
963 2919 1000 2961 ac
1025 2895 1128 2977 plebis
1154 2899 1250 2979 ipsius

183 2992 309 3057 hamdis
341 3017 466 3074 servus,
497 2995 668 3076 Rctperto,
699 2999 894 3061 reverendae
924 3007 1054 3061 sanctae
1079 2996 1250 3064 Mettensis

184 3093 336 3159 ecclesiae
360 3099 507 3176 antistiti,
529 3099 562 3159 in
581 3094 708 3161 Christo
730 3106 895 3178 pastorum
911 3102 1051 3180 principe
1068 3121 1250 3165 mansuram

183 3210 253 3259 eum
270 3198 384 3283 gaudio
405 3200 623 3278 prosperitatis
642 3221 679 3261 ac
696 3202 912 3283 perpetuitatis
930 3198 1073 3284 gloriam.
1109 3199 1250 3266 Decreta

182 3308 363 3363 sanctorum
384 3307 595 3362 trecentorum
618 3300 727 3365 decem
750 3308 782 3364 θῖ
804 3310 876 3364 octo
894 3310 1017 3381 patrum
1035 3299 1157 3366 Niceae
1177 3326 1250 3366 con·

181 3402 363 3465 stitnto'rum
389 3400 596 3464 saluberrima
626 3410 810 3482 servantes,
841 3401 913 3466 Dee
946 3403 1072 3488 dignam
1104 3407 1250 3487 piamque

180 3502 411 3566 fraternitatem
428 3511 567 3566 vestram
585 3505 736 3567 canonice
754 3505 970 3589 aggredimur,
994 3513 1026 3568 et
1043 3504 1103 3568 snb
1121 3508 1250 3571 nomine

250 3693 277 3739 0.
288 3694 397 3740 00001..
415 3692 578 3752 a)1)ecr.V1.
589 3696 647 3743 434.
656 3695 833 3755 (itt-lianc
843 3696 978 3742 formatam
989 3694 1087 3756 Regino
1095 3693 1168 3744 hand
1177 3696 1249 3745 dubie

181 3773 214 3806 ex
226 3761 283 3806 tore
293 3763 319 3805 et
329 3759 405 3818 praxi
414 3759 539 3808 dioececis
549 3763 716 3810 Treverensir
726 3763 825 3822 recepit
834 3776 915 3822 aeque
925 3777 956 3810 ae
965 3765 1126 3822 sequentem.

224 3875 257 3934 C.
281 3875 483 3934 ecccxttx.
513 3877 588 3955 699)
612 3880 690 3952 Quae
735 3890 782 3939 ter
800 3898 933 3939 numeres
957 3892 987 3939 et
1004 3880 1119 3952 literas,
1142 3883 1249 3941 atrine·

182 3971 348 4037 sequuntur,
360 3959 689 4036 desuntinCcll.Dach.,
735 3984 790 4042 quc
809 3966 923 4023 nomina
937 3984 1049 4043 quoquc
1065 3964 1248 4037 exhibentur,

181 4054 213 4103 ct
238 4043 274 4103 ab
302 4046 365 4122 ipso
392 4044 542 4126 Reginoue
573 4049 690 4127 majoris
734 4050 887 4109 lalsissima
902 4062 1005 4121 tamen,
1020 4051 1061 4108 ita
1076 4060 1107 4108 ut
1122 4069 1249 4109 cemme-

180 4128 393 4207 perspicuitatis
412 4152 497 4192 causa
515 4132 612 4193 addita
626 4153 691 4193 esse
734 4136 896 4195 moratione
916 4154 1015 4195 eornm
1035 4135 1124 4195 facile
1140 4137 1248 4214 possin

181 4211 323 4273 videntur.
347 4219 419 4294 700)
434 4216 465 4277 ln
483 4217 586 4290 codd,
604 4236 690 4296 pree·
735 4217 936 4298 supersedere.
