2594 4898
423 332 503 422 Cap.
526 343 857 407 ccxcvii-cccli
1107 352 1176 414 661

107 509 154 573 lia
171 509 291 573 indict·
311 518 491 575 contemtor
508 522 653 592 repertur
669 513 765 576 faerit
776 517 849 598 ⁸⁰²)
871 536 910 579 nc
925 525 1107 580 eauctorum
1124 541 1179 598 pa-

108 624 195 675 trum
217 600 493 677 constitutionibus
515 616 744 694 wutradictor,
767 618 1040 684 aimonitionibua
1058 623 1179 700 episco-

106 713 236 796 palibus
253 714 474 799 obtemperare
491 715 663 797 distulerit,
681 715 977 784 anathematizetur.

424 937 462 1003 0.
482 937 578 1003 CCC.
622 938 678 1005 De
694 942 803 1007 cadent
820 964 866 1006 re.
1189 959 1238 1004 zoa

451 1092 511 1156 Ex
528 1093 674 1173 ecdem,
692 1116 772 1175 cap.
790 1094 837 1158 11.

195 1228 233 1291 Si
253 1231 323 1309 quia
344 1237 457 1293 contra
476 1231 598 1313 regiam
618 1231 804 1315 dignitatem
827 1231 938 1295 dolose
955 1255 993 1295 ac
1016 1231 1130 1296 callide
1146 1243 1179 1297 et

106 1333 287 1412 perniciose
308 1353 405 1416 agere
426 1332 649 1412 comprobatus
670 1333 781 1412 fuerit,
805 1336 866 1396 nisi
883 1334 1066 1418 dignissime
1082 1337 1178 1400 satie-

106 1434 243 1513 fecen’t,
258 1433 554 1499 anathematizetur.

418 1655 456 1720 0.
476 1656 588 1722 CCCI.
631 1657 686 1723 Dc
702 1660 812 1724 eaden
826 1683 875 1725 re.
1188 1675 1237 1721 tot

399 1811 460 1874 Ex
486 1813 632 1893 eodem,
658 1835 735 1894 cap.
760 1813 882 1891 1111).

195 1945 232 2009 Si
254 1949 322 2028 quir
342 1949 495 2028 potestati
511 1950 633 2032 regiae,
657 1971 737 2030 quae
753 1971 818 2014 non
837 1972 901 2015 non
919 1959 969 2015 eat
984 1953 1078 2015 iuxta
1094 1951 1178 2035 Apo-

108 2048 242 2129 stolum,
266 2052 327 2114 nisi
347 2073 369 2113 a
388 2047 478 2131 Deo,
501 2055 681 2115 contumaci
702 2060 735 2115 et
757 2050 868 2116 inflato
881 2056 956 2135 ⁸⁰³)
979 2056 1178 2135 spiritu⁸⁰⁴)

108 2149 329 2218 contradicere
355 2152 407 2216 vel
430 2152 580 2217 resistere
605 2158 846 2237 praesumserit,
874 2161 908 2217 et
933 2157 1002 2217 eiua
1027 2157 1119 2218 imtia
1144 2163 1179 2217 et

107 2254 350 2320 rationabilibue
379 2257 519 2337 imperiis
549 2256 721 2320 secundum
751 2254 856 2319 Deum
890 2264 924 2319 et
954 2259 1177 2320 auctoritatem

108 2356 358 2424 ecclesiasticam
380 2381 418 2422 ac
439 2361 489 2422 ina
507 2356 600 2435 civile
613 2361 686 2443 ⁸⁰⁵)
704 2358 923 2439 obtemperare
935 2360 1008 2442 ⁶⁰⁸)
1027 2358 1176 2439 noluerit,

107 2461 404 2526 anathematizetur.

404 2665 442 2730 0.
462 2665 588 2731 00011.
633 2665 688 2732 De
705 2667 813 2733 eaden
830 2690 876 2732 re.
1185 2682 1235 2728 aot

426 2820 535 2886 Unde
552 2843 681 2903 supra,
698 2843 776 2903 cap.
794 2818 859 2885 lv.

194 2957 382 3038 Quicunque
411 2958 580 3039 superbiae
608 2959 732 3022 facibus
757 2959 904 3036 recenti,
939 2957 992 3021 vel
1016 2959 1177 3039 protervia

106 3060 304 3151 stomachati
320 3060 414 3140 haec,
442 3082 523 3141 quae
547 3083 604 3142 pro
626 3070 756 3124 sanctae
776 3063 887 3123 mania
908 3059 1064 3124 ecclesiae
1089 3068 1177 3124 trau·

107 3163 266 3245 quiditate
283 3162 537 3244 mcerdotalique
553 3166 660 3247 rigore
670 3166 744 3246 ΗΠ)
766 3185 788 3225 a
804 3161 897 3225 nobie
913 3164 1104 3225 unanimiter
1120 3163 1177 3225 de·

105 3265 200 3330 finita
229 3266 436 3346 manibusque
470 3267 607 3347 propriis
641 3263 833 3328 notaverint
849 3265 948 3343 ⁸⁰⁸),
981 3261 1086 3342 placet
1120 3280 1176 3324 eoa

107 3391 218 3432 omues
234 3368 506 3433 anathematizari.

176 3649 204 3694 0.
221 3647 304 3695 occi.
337 3649 367 3709 q)
382 3647 477 3696 Burei.
485 3647 542 3696 XV.
552 3649 594 3692 22
602 3646 670 3707 (a),
680 3646 757 3694 Detr.
766 3645 835 3690 Xt't.
846 3644 888 3691 2³.
897 3637 962 3706 (a).

149 3798 184 3858 0.
199 3798 353 3859 00110111.
377 3805 452 3870 662)
465 3801 516 3858 vel
531 3801 620 3880 influ-
664 3798 737 3856 οοΙΙ.
761 3799 824 3856 citt.
872 3800 947 3867 666)
974 3793 1175 3875 tiresrngodi·

108 3895 155 3944 tur
174 3905 212 3944 ac
234 3887 360 3945 tumidus
384 3888 504 3945 monitis
526 3887 620 3945 eccle·
664 3885 750 3942 liter:
770 3881 835 3942 add.
855 3883 930 3960 orig.

105 3972 254 4029 masticis:
270 3969 337 4029 add.
356 3970 395 4029 ih.
706 3967 739 4027 0.
755 3967 867 4027 00011.
886 3973 961 4040 6117)
977 3978 1008 4028 et
1023 3970 1111 4046 regia
1129 3970 1175 4027 dt-

149 4055 183 4115 0.
198 4055 297 4115 0001.
320 4058 618 4136 wdiiqflutueomn.
659 4059 797 4134 gnitate.-
815 4053 882 4117 att.
901 4055 977 4134 orig.
1013 4059 1087 4124 618)
1107 4052 1172 4112 rod.

107 4139 200 4199 0111.
227 4147 303 4209 ont)
327 4153 434 4201 contra
455 4145 620 4201 auetorita-
660 4152 743 4213 aaut,
766 4143 883 4204 violare
904 4139 1174 4218 «aequalitem

106 4235 164 4287 tea
186 4236 221 4289 et
237 4231 386 4289 runcum
400 4230 617 4306 pertinaciter.-
658 4224 1175 4306 marcomanorum:

106 4310 173 4372 add.
192 4314 270 4391 orig.
307 4317 381 4389 6115)
398 4333 436 4372 uc
452 4316 475 4373 i.
491 4331 539 4373 a:
554 4311 618 4373 dee
662 4313 739 4389 orig.
