2594 4898
384 365 467 447 App.
486 364 523 427 ll.
540 386 612 449 cap.
630 366 909 432 XXX—XXXlll.
1109 372 1183 437 m

116 544 289 621 conspectu
305 536 480 601 sacerdotis
498 534 550 599 vel
567 534 724 600 ecclesiae
741 544 962 617 apparuemut.
1006 536 1080 603 Hac
1095 541 1126 603 si
1142 541 1183 605 ud

115 644 242 723 nuptias
264 640 462 717 transierint,
485 636 577 703 iuxta
592 636 780 719 Apostolum
802 660 867 703 non
888 641 959 705 sinc
980 638 1184 705 damnatione

116 753 224 823 crunt,
242 745 316 825 quia
332 763 369 805 se
385 744 519 822 primum
529 738 601 805 Deo
620 749 790 822 voventes,
807 749 920 823 postea
937 744 1093 809 castitatis
1108 765 1183 825 pro·

113 850 252 929 positum
268 845 463 910 abiecerunt.

113 1016 150 1082 C.
171 1015 341 1081 XXXIII.
385 1014 444 1080 Ad
466 1014 604 1081 liuditum
631 1016 739 1082 redire
763 1026 915 1101 cogatur,
942 1026 978 1083 ct
996 1018 1294 1085 remurmurans«)

231 1127 267 1185 ἐπ
282 1124 487 1215 monasterio,
505 1140 588 1205 quac
605 1122 787 1204 religiosum
804 1130 921 1187 vestem
938 1118 1066 1188 abiecit.

154 1257 216 1320 Ex
241 1254 419 1341 Registro
443 1252 622 1340 Gregorii
644 1254 841 1321 Vitaliano
861 1256 1053 1340 Episcopo
1074 1256 1141 1325 Sc·

548 1359 703 1438 pontino
717 1360 757 1438 ὅ).

200 1477 238 1541 Si
260 1485 367 1541 custos
388 1475 532 1563 religiosi
553 1473 680 1541 habitus
695 1478 747 1560 ²⁰)
765 1484 822 1541 aut
843 1498 914 1543 esse
931 1500 1043 1544 nosses
1061 1482 1183 1560 episco-

103 1602 189 1663 pus,
212 1579 312 1643 filiam
333 1578 492 1662 gloriosae
513 1581 686 1643 memorias
708 1576 852 1643 'l'ulliani
872 1584 1017 1665 magistri
1038 1582 1183 1665 militiae,

103 1695 142 1748 te
163 1681 296 1767 illicl¹)
318 1683 422 1760 posito
446 1702 504 1744 nee
525 1682 674 1761 proiectis
694 1678 851 1767 religiosis
873 1683 1014 1749 vestibus
1036 1685 1078 1753 ad
1094 1706 1184 1751 secu·

102 1784 218 1850 larem
240 1784 359 1847 reverti
385 1781 543 1863 habitum,
575 1805 633 1847 nec
659 1783 699 1847 ad
733 1805 792 1847 nos
826 1782 970 1851 licuisset
1002 1808 1184 1867 perversam

103 1884 282 1969 epistolam
299 1885 469 1949 destinare.
488 1884 564 1965 Sed,
584 1887 657 1966 quia
673 1887 771 1949 nimia
788 1886 909 1952 desidis
927 1909 965 1953 ac
982 1896 1111 1970 torpore
1128 1890 1184 1953 de·

102 1989 274 2072 primeris,
300 1990 333 2051 iu
354 1995 411 2051 tuo
433 1986 588 2051 dedecore
610 2009 662 2051 res
685 1988 726 2051 ad
748 2009 900 2068 praesens
920 1988 1034 2055 illicita
1055 1992 1183 2072 impunc

104 2092 283 2157 commissa
309 2096 369 2154 est.
429 2086 530 2171 Nam,
556 2090 639 2153 dont
663 2090 799 2171 praelati
824 2110 948 2170 sumus,
974 2093 1003 2153 si
1028 2091 1183 2157 sollicitus

105 2180 284 2274 meost),
310 2194 396 2272 prius
418 2190 460 2253 ad
482 2211 541 2254 nos
562 2189 644 2254 ultio
671 2189 813 2255 mulieris
838 2192 1062 2272 pravissimae,
1089 2215 1184 2273 quam

105 2292 207 2375 eulpa
230 2293 338 2357 debuit
358 2294 536 2375 pervenire.
582 2288 667 2367 Quia
689 2312 765 2375 orgo
782 2298 907 2357 tautum
923 2290 1022 2357 hebes
1043 2301 1183 2359 tantum·

106 2418 175 2479 que
193 2416 229 2460 cs
246 2394 427 2482 negligens,
446 2403 496 2474 ut,
520 2394 581 2459 nisi
599 2393 782 2457 canonicam
799 2396 832 2458 in
848 2400 882 2459 te
899 2393 996 2461 fueris
1014 2392 1182 2463 coercitio·

105 2520 188 2565 nem
210 2508 377 2581 expertus,
399 2500 432 2561 in
455 2494 528 2561 aliis
551 2496 778 2560 districtionem
795 2496 828 2559 'et
845 2495 1042 2577 disciplinam
1059 2500 1182 2565 nescius

106 2600 288 2680 custodire,
316 2598 451 2680 qualiter
468 2596 586 2661 debeas
604 2618 675 2661 esse
692 2596 863 2678 sollicitus,
891 2619 1030 2685 congmo
1051 2600 1134 2682 ribi,
1153 2603 1183 2669 si

105 2702 254 2769 Domino
271 2696 443 2782 placuerit,
468 2706 611 2780 tempore
634 2700 883 2765 demonstramus
901 2702 963 2787 ¹⁸).
994 2700 1183 2769 Praesentia

106 2806 211 2893 igitur
231 2805 350 2883 scripta
370 2803 545 2882 suscipiens
566 2800 698 2887 evigila,
720 2810 753 2867 et
779 2805 937 2869 excitatus
962 2802 1077 2869 saltem
1103 2826 1182 2871 exe·

109 2928 227 2989 quere,
245 2904 329 2986 quod
346 2926 473 2987 pressus
491 2926 572 2967 nuno
590 2926 687 2985 usque
705 2906 833 2990 ignavia
849 2904 1010 2972 distulisti.
1056 2906 1182 2974 Instan-

107 3012 180 3075 tiae
201 3029 279 3093 ergo
302 3016 375 3071 tuae
398 3008 456 3085 sit,
482 3006 678 3087 praedictam
698 3006 863 3072 mulierem
884 3032 948 3073 nna
975 3032 1047 3074 eum
1067 3010 1181 3097 Sergio

108 3110 285 3175 defensore
311 3108 591 3189 comprehendere,
619 3115 653 3172 et
677 3111 786 3171 statim
811 3131 875 3173 non
901 3109 1005 3175 solum
1031 3112 1072 3175 ad
1096 3112 1182 3179 mals

108 3219 306 3279 contemtum
330 3210 471 3274 habitum
492 3212 563 3275 sine
586 3211 792 3274 excusatione
814 3208 918 3291 aliqua
934 3232 1102 3292 revocare,
1125 3214 1183 3279 sed

109 3317 212 3379 etiam
231 3314 264 3376 in
287 3314 497 3393 monasterio,
518 3310 573 3375 ubi
590 3312 718 3374 omnino
737 3311 876 3377 districte
892 3311 1001 3377 valeat
1018 3314 1181 3395 custodiri,

110 3414 300 3494 detrudere,
328 3424 360 3479 et
387 3418 432 3479 ita
458 3435 586 3478 omnem
611 3416 696 3477 cirea
716 3412 804 3478 illam
825 3412 1070 3479 sollicitudinem
1091 3414 1183 3480 exlri·
1211 3424 1221 3437 '

111 3520 208 3597 bere,
225 3524 276 3597 ut,
299 3540 391 3598 quam
408 3520 451 3581 sit
467 3517 638 3596 nefarium,
658 3515 741 3596 quod
759 3518 929 3596 commisit,
949 3538 992 3580 ex
1008 3524 1064 3581 tna
1080 3520 1184 3599 possit
1274 3508 1278 3515 ¹

111 3621 313 3686 distrimione
336 3640 538 3706 cognoscere.
584 3615 658 3695 Qua
678 3620 713 3682 in
733 3641 770 3682 re
792 3621 819 3682 si
832 3621 886 3703 ¹⁴)
904 3620 988 3701 quis,
1012 3620 1097 3700 quod
1117 3642 1183 3687 non

184 3883 212 3928 c.
230 3880 351 3928 XXXIII.
387 3877 414 3941 g)
434 3881 494 3940 Reg.
507 3881 536 3928 1..
550 3882 615 3925 Vlll.
629 3892 669 3939 ep.
684 3883 708 3925 8.
722 3877 789 3938 (scr.
803 3892 862 3925 ann.
876 3879 950 3940 598.)
968 3880 1007 3930 ed.
1020 3882 1103 3930 Maur.
1117 3842 1182 3946 (als

110 3953 142 4079 ξ.
148 3949 206 4065 17Ιέ
216 3963 257 4064 ig.
266 3948 352 4009 9.).-
361 3949 455 3997 Burch.
463 3950 528 3995 vill.
542 3950 584 3995 49.
598 3950 672 4009 (ch.
681 3949 736 4010 rt),
749 3948 887 3999 Deonvll.
897 3950 937 3995 67.
951 3948 1018 4011 (a),
1032 3953 1060 4000 G.
1074 3952 1181 3999 xxvn.

159 4154 194 4231 C,
204 4152 339 4213 XXXlll.
359 4150 545 4229 70)su1·sscs.·
560 4150 626 4209 add.
672 4153 957 4217 demonstraturus:
994 4152 1064 4213 ilrid.
1127 4157 1180 4229 74)

114 4239 224 4299 Burei.
248 4238 336 4297 llecr.
381 4244 434 4309 71)
454 4238 543 4297 illuc:
564 4235 625 4297 Bal.
672 4240 811 4315 quodsi:
832 4236 894 4295 Bal.

116 4331 170 4398 72)
187 4326 367 4385 exstitisses.-
387 4322 553 4401 origum.
576 4325 628 4399 73)
