2594 4898
385 361 470 446 App.
490 363 540 425 111.
560 383 634 444 cap.
654 361 805 426 lv-vl.
1060 366 1131 429 tto

61 554 137 598 rum
170 533 319 612 deinceps
350 553 445 597 causa
476 530 595 596 doloris
626 529 793 596 cuiuslibet
827 531 879 595 vel
912 534 1132 601 amaritudinis

62 642 241 717 permotus,
259 642 314 697 aut
332 632 432 697 altare
449 634 588 697 divinum
605 632 746 696 cestibus
760 635 894 698 sacratis
907 656 1029 699 exuere
1040 656 1133 717 prse-

63 739 230 814 sumserit,
258 743 314 799 aut
339 734 480 814 qualibet
506 735 571 799 alia
596 734 721 819 lugubri
744 743 831 799 veste
858 738 1048 816 accinxerit,
1075 760 1132 803 scu

10 908 18 927 .
64 840 164 901 ιιὶιιιιι
180 844 332 900 consucta
348 835 586 901 luminariorum
604 858 764 900 sacrorum
782 836 933 917 obsequia
947 838 996 900 de
1014 838 1132 919 teinplo

10 936 18 945 '
63 936 130 1003 Dei
142 937 351 1003 'subtraxerit
376 937 426 1002 vel
446 941 606 1023 exstingui
623 942 834 1018 praeceperit,
854 940 909 1003 aa't
926 941 1132 1020 quodeunque

19 1036 23 1131 J
63 1038 299 1125 lugubritatis
290 1063 323 1104 ιιι
344 1040 495 1119 templum
517 1039 581 1104 Dei
602 1042 780 1119 induxerit,
804 1049 915 1122 atque,
939 1042 1021 1121 quod
1043 1044 1132 1124 peius

10 1150 131 1253 est,
161 1143 362 1206 occasionem
392 1145 554 1221 nutrierit,
585 1142 669 1206 uude
699 1142 738 1205 de
765 1141 889 1223 templis
916 1141 1046 1207 Domini
1078 1151 1134 1208 aut

10 1212 175 1309 officis
193 1251 345 1308 consueta
366 1243 483 1319 desint,
507 1251 561 1307 aut
583 1242 702 1306 oblatio
724 1243 892 1329 singularis
914 1243 1115 1309 sacrificii
1085 1268 1132 1309 vs-

23 1347 211 1427 ‚deutur
200 1366 235 1409 ιιι
256 1343 359 1425 aliquo
383 1345 630 1425 defraudari,
604 1368 632 1409 ιι
654 1367 727 1409 eum
744 1356 819 1409 ante
835 1368 933 1410 verae
953 1347 1132 1427 poenitudi·

21 1449 117 1513 ·ιιίι
139 1469 248 1511 coram
268 1446 514 1527 metropolitano
535 1447 711 1511 satisfactio
735 1470 798 1511 non
816 1451 1012 1567 purgaverit,
1039 1450 1132 1533 igno-

10 1520 184 1613 ”hortati
205 1558 376 1630 perpetuae
397 1551 591 1629 mancipatus
613 1551 706 1614 iuxta
727 1552 923 1631 superiorem
940 1553 1131 1614 sententiam

65 1648 198 1715 Domini
214 1660 247 1715 et
263 1649 326 1715 loei
344 1654 392 1714 sui
410 1653 563 1735 dignitate
579 1672 615 1714 se
633 1654 759 1715 noverit
776 1651 896 1715 bonore
909 1654 1038 1733 privari.
1062 1650 1131 1715 Illis

65 1748 175 1834 procul
196 1752 291 1816 dubio
314 1756 457 1834 personis
479 1754 519 1817 ab
539 1753 600 1816 hae
617 1751 772 1816 ultionum
789 1757 949 1817 sententia
965 1756 1131 1835 separatis,

65 1876 148 1935 quae
174 1863 229 1918 aut
253 1857 553 1919 contaminationem
581 1877 741 1919 sacrorum
767 1856 913 1920 ordinum
944 1864 977 1920 et
1002 1854 1133 1920 sabver-

30 1959 189 2023 sionem
209 1978 321 2021 merae
342 1954 419 2019 fidei
440 1964 634 2036 metuentes,
661 1965 716 2021 ant
739 1956 946 2022 hostilitatem
968 1956 1021 2021 vel
1047 1957 1133 2021 obsi·

10 2032 195 2125 ..dionem
214 2059 427 2140 perferentes,
454 2081 511 2122 seu
532 2059 629 2122 etiam
651 2058 828 2122 divinorum
849 2060 1035 2123 iudiciorum
1058 2082 1133 2123 san·

10 2134 35 2281 ξ
62 2161 200 2226 tentiam
218 2168 407 2239 metuentes,
428 2160 505 2224 talia
521 2160 635 2223 fecisse
653 2160 864 2240 contigerit,
854 2181 887 2222 m
902 2181 1032 2239 quorum
1045 2160 1132 2223 laeto

10 2234 136 2381 :plus
153 2260 331 2340 humilitas,
349 2283 412 2341 qua
429 2259 517 2327 Dans
533 2259 692 2343 placetur,
715 2280 807 2340 quam
824 2262 942 2325 interni
959 2258 1067 2325 livoris
1081 2262 1132 2346 Η)

10 2342 222 2481 :dolositas
239 2363 429 2428 declaratur.

10 1932 90 1979 Ξ.

11 2538 22 2581 ¹
57 2614 62 2619 .
144 2532 184 2601 C.
202 2533 260 2602 Vl
304 2533 478 2602 Decretum
498 2534 672 2603 Caelestini
686 2535 815 2621 Papae,
833 2558 903 2622 cap.
921 2537 957 2600 X
961 2531 1054 2620 Vbs)

10 2640 17 2781 ἱ
152 2670 326 2737 Ordinatos
342 2694 420 2737 vero
439 2673 606 2752 quosdam,
628 2673 742 2736 iratres
761 2675 931 2752 carissimi,
954 2674 1130 2753 episcopos,

10 2796 121 2883 qus
108 2772 233 2839 nullis
250 2773 472 2839 ecclesiasticis
495 2775 658 2838 ordinibus
676 2776 716 2838 ad
734 2782 843 2839 tantae
861 2775 1022 2860 dignitatis
1040 2774 1133 2837 lasti·

10 2844 154 2963 glum
174 2876 301 2940 luemnt
322 2879 473 2956 instituti,
497 2886 607 2941 eontra
628 2886 752 2957 patrum
769 2877 911 2957 decreta,
931 2876 1024 2940 buius
1041 2895 1133 2940 usar-

60 2979 210 3061 putioue,
239 2980 294 3059 qui
315 3000 350 3041 sc
373 2978 450 3042 baec
471 2983 672 3063 recognoscit
698 2981 828 3059 secisse,
856 2980 1036 3054 didicimus,
1062 2998 1133 3041 cum

59 3080 108 3147 ud
124 3082 340 3160 episcopatum
358 3079 407 3144 his
424 3082 590 3164 gradibus,
608 3081 719 3162 quibus
736 3082 988 3161 frequentissime
1007 3089 1134 3144 cautum

62 3188 133 3261 est,
167 3181 282 3245 debeat
310 3185 494 3262 pervenire,
527 3189 563 3246 at
595 3181 769 3245 minoribus
799 3183 918 3244 initiati
949 3179 1061 3244 officiis
1092 3178 1134 3243 ad

61 3285 191 3349 maiora
207 3280 381 3347 firmantur.
426 3281 534 3347 Debet
557 3286 641 3346 enim
664 3293 739 3346 ante
757 3304 828 3345 esse
845 3280 1030 3362 discipulus,
1050 3283 1134 3360 quis·

62 3386 137 3467 quis
160 3384 271 3448 doctor
293 3407 364 3449 esse
385 3387 558 3464 desiderat,
580 3393 616 3448 ut
637 3387 736 3464 possit
758 3384 888 3462 docere,
912 3383 995 3464 quod
1013 3382 1132 3447 didicit.

63 3484 183 3553 omis
208 3489 295 3552 vitae
319 3490 476 3551 institutio
504 3486 563 3550 bac
589 3487 630 3549 ad
653 3487 699 3565 id,
731 3507 791 3566 quo
809 3485 929 3565 tendit,
956 3506 992 3549 se
1009 3485 1133 3550 ratione

62 3585 245 3655 confirmat.
290 3586 353 3665 Qui
368 3591 497 3652 minime
515 3587 631 3652 litteris
649 3608 776 3668 operam
795 3587 933 3667 dederit,
950 3596 1134 3666 praeceptor

65 3711 141 3755 esse
167 3712 231 3755 non
257 3699 363 3773 potest
384 3689 576 3770 litterarum,
604 3693 657 3772 qui
678 3712 742 3754 non
760 3712 817 3771 per
836 3688 960 3774 singula
977 3676 1134 3768 stipendia

63 3795 219 3872 ereverit,
242 3794 285 3856 ad
305 3795 470 3857 emeritum
490 3794 638 3874 stipendii
656 3794 799 3857 ordinem
817 3813 881 3856 non
899 3798 1005 3872 potest
1022 3811 1134 3870 perve-

138 4036 166 4083 c.
183 4038 225 4084 Vl.
261 4036 284 4096 ι’)
302 4036 345 4085 Sic
359 4036 385 4083 in
396 4036 460 4086 con.
469 4035 576 4096 Diony.
589 4063 618 4072 -
629 4036 677 4083 Est
690 4037 775 4084 sutem
791 4051 813 4084 e.
824 4038 847 4085 3.
861 4034 944 4095 Epist.
954 4032 1092 4082 coelestin.
1101 4032 1134 4078 sd

64 4104 205 4164 episcopos
223 4104 335 4165 Gallice,
354 4119 403 4154 scr.
417 4119 477 4152 snn.
490 4107 549 4153 4²8.
559 4131 592 4140 -
605 4105 739 4153 colbdns.
751 4104 807 4154 ded.
819 4107 850 4151 ΙΙ.
864 4106 931 4150 ιι.-
944 4103 1037 4151 Bureh.
1050 4103 1068 4146 Ι.
1082 4100 1133 4158 18.,

64 4175 145 4220 Deer.
156 4173 185 4219 V.
195 4174 237 4218 72.
248 4173 314 4234 (B.),
324 4173 389 4220 Dist.
399 4174 464 4221 bsx.
476 4187 499 4220 c.
509 4174 534 4222 4.

111 4306 145 4366 G.
163 4305 201 4380 Y.
226 4308 277 4385 ti)
294 4308 423 4370 lodorii:
441 4307 511 4367 ibid.
