2594 4898
351 345 427 426 Cap.
451 344 664 406 ccchtv--
677 344 837 406 CCCCLV.
1061 346 1131 410 208

60 524 167 581 rector
193 535 264 578 eum
285 514 383 578 Patre
404 521 438 577 et
459 512 578 593 Spiritu
600 519 710 576 sancto
737 515 876 576 omnium
902 520 1128 594 ereaturarum,

58 622 112 699 qui
130 639 241 698 passus
260 623 310 679 est
330 638 409 679 vera
426 617 528 678 earnis
546 618 711 694 passione,
733 622 876 677 mortuus
894 635 971 677 vera
989 619 1128 696 eorporis

57 723 107 783 sui
124 728 237 796 morte,
255 719 432 780 resurrexit
448 738 524 779 vera
542 718 642 780 carnis
660 737 736 778 suae
749 718 979 780 resurrectione
993 717 1125 793 velue>

56 823 262 898 resumtione,
280 821 389 898 inqua
403 819 663 887 venietiudieare
681 820 770 880 vivos
786 825 819 880 et
832 826 985 882 mortuos.
1023 816 1129 894 Quae·
1183 842 1191 858 ·

59 924 194 987 rendum
213 923 308 984 etiam
328 920 368 982 ab
391 941 446 998 eo,
469 921 497 981 si
515 921 589 982 novi
607 927 640 982 et
657 921 775 982 veteris
794 922 992 999 testamenti,
1018 921 1052 983 id
1069 929 1128 1000 est,

56 1024 139 1108 legis
177 1031 210 1086 et
243 1021 467 1102 prophetarum
503 1030 536 1084 et
566 1019 784 1100 apostolorum
810 1042 904 1084 unum
932 1022 1128 1102 eundemque

59 1126 171 1189 credat
188 1131 348 1186 auctorem
367 1131 399 1186 et
407 1120 524 1200 Deum,
542 1123 569 1183 si
587 1121 732 1184 diabolus
750 1142 814 1183 non
831 1142 888 1200 per
902 1124 1127 1203 conditionem,

57 1227 115 1289 sed
132 1247 189 1305 per
206 1224 487 1289 arbitriumsaetus
504 1224 546 1291 sit
562 1221 675 1287 malus.
722 1219 946 1297 Quaerendum
967 1227 1064 1289 etiam
1087 1226 1128 1290 ab

57 1349 113 1405 eo,
132 1329 160 1389 si
178 1326 286 1389 credat
302 1323 411 1403 huius,
434 1346 527 1404 quam
544 1333 725 1408 gestamus,
744 1332 777 1388 et
794 1345 857 1387 nou
877 1325 1006 1389 alterius
1024 1328 1127 1390 carnis

57 1429 337 1505 resurrectionem,
361 1429 390 1490 si
408 1427 516 1489 credat
541 1426 689 1488 iudicium
714 1425 868 1505 futurum,
896 1434 929 1490 et
946 1435 1127 1513 recepturos

59 1527 202 1613 singulos
220 1548 277 1608 pro
300 1525 366 1605 his,
389 1530 519 1606 quaein
537 1547 631 1589 came
648 1533 826 1609 gesserunt,
844 1526 897 1591 vel
919 1549 1056 1608 poenas,
1074 1528 1127 1593 vel

55 1631 211 1711 praemia,
239 1630 268 1690 si
285 1631 410 1708 nuptias
431 1649 496 1691 uon
517 1627 692 1707 improbet,
719 1628 747 1689 si
764 1629 904 1692 secunda
924 1633 1127 1696 matrimonia

57 1754 122 1797 nou
150 1731 354 1810 condemnet,
381 1732 409 1792 si
436 1732 579 1792 carnium
603 1731 836 1810 perceptionem
864 1752 928 1795 non
954 1731 1071 1812 culpet,
1097 1735 1126 1796 si

58 1832 293 1915 poenitentibus
327 1830 542 1897 reconciliatis
578 1832 807 1912 eommunicet,
842 1835 872 1897 si
901 1836 934 1897 in
969 1833 1125 1915 baptismo

56 1938 164 1999 omnia
193 1940 345 2015 peccata,
375 1934 410 1997 id
438 1941 506 2013 est,
536 1942 602 1999 tam
628 1926 708 1997 illud
738 1933 893 2018 originale
918 1942 1124 2016 contractum,

33 2044 150 2118 'quam
176 2035 249 2114 illa,
277 2057 357 2115 quae
378 2034 556 2099 voluntarie
577 2036 717 2099 admissa
743 2043 829 2114 sunt,
857 2037 1070 2118 dimittantur,
1096 2040 1125 2102 si

56 2147 151 2202 extra
178 2135 348 2203 eeclesiam
374 2136 563 2205 catholicam
587 2135 695 2207 nullus
720 2135 873 2207 salvetur·
918 2136 999 2203 Cum
1019 2142 1053 2203 in
1074 2139 1124 2202 his

56 2239 199 2304 omuibus
228 2241 449 2318 examinatus,
482 2236 619 2319 plenitot
647 2241 820 2305 instructus
849 2244 992 2317 repertus
1017 2238 1125 2319 fuerit,
1229 2276 1233 2283 -

54 2348 130 2405 tuno
147 2342 308 2405 ordinetur
325 2344 488 2425 episcopus
501 2341 585 2427 Η3).

142 2440 288 2518 Qualiter
298 2453 324 2520 ⁸)
356 2443 535 2526 presbyteri
559 2440 614 2506 vel
641 2442 765 2505 diaconi
792 2449 866 2505 ante
891 2443 1124 2509 ordinationem

55 2542 108 2607 vel
129 2551 208 2624 post
233 2544 466 2608 ordinationem
492 2545 731 2623 examinentur,
758 2541 813 2607 vel
839 2534 974 2624 qualiter
1000 2544 1038 2607 de
1064 2566 1122 2635 suo

55 2646 232 2708 ministerio
255 2647 481 2723 discutiantur,
507 2649 541 2707 iu
562 2646 715 2724 principio
737 2647 827 2708 istius
849 2644 950 2707 libelli
970 2648 1047 2709 satis
1065 2667 1123 2711 ex·

52 2766 199 2828 pressum
218 2751 281 2824 est,
299 2744 354 2808 ubi
370 2747 522 2825 seriptum
540 2753 604 2829 est,
628 2745 702 2825 quid
719 2747 762 2808 sit
778 2768 798 2809 a
814 2747 1001 2831 presbytero
1018 2749 1123 2829 requi·

54 2848 199 2910 rendum.
256 2847 300 2908 Et
327 2846 402 2909 ideo
432 2846 624 2943 superfluum
654 2849 780 2917 videtur
802 2850 910 2931 repeti
940 2857 974 2914 et
1002 2850 1122 2929 iterari,

56 2949 221 3028 quodiam
239 2953 365 3012 constat
382 2968 453 3011 esse
470 2956 624 3014 notatum.

56 3111 267 3127 —-—!—·

119 3205 300 3269 munerant
308 3206 546 3269 Regiuonirrerbe,
564 3209 591 3263 et
601 3208 729 3259 derunttn
739 3207 869 3259 concite.

10 3371 16 3382 ·
95 3354 129 3415 C.
148 3354 309 3417 ccchV.
336 3362 410 3430 712)
430 3377 565 3418 resurre-
610 3361 700 3418 totz'us
713 3361 889 3436 promiserim
907 3361 1118 3439 epsicoporum,

10 3453 18 3493 ε
55 3442 151 3498 ctione
167 3451 282 3501 eterra
297 3444 565 3503 entmuereeumta
608 3446 791 3520 mazimeque
821 3444 1049 3521 metropolitani
1073 3446 1123 3503 vel

56 3523 121 3584 ibid.
141 3524 563 3600 ⁷13)Cumtntoo.eoeamtn.‚
608 3530 789 3587 auctoritate
839 3529 893 3587 vel.
933 3531 1119 3606 praesentia,

56 3611 189 3670 inventus
208 3608 314 3687 suerit
337 3613 428 3689 plene
454 3615 565 3679 tarnu-
608 3613 1118 3692 ordmrturopismpusrorigdhein

10 3697 23 3739 ῑ
56 3703 134 3766 ctus,
173 3703 243 3755 tune
269 3715 412 3759 consensu
438 3698 564 3759 elerr'eo-
608 3696 704 3773 (irat,
720 3696 827 3763 Burei.
846 3698 977 3765 otDeer.
996 3709 1029 3767 ut
1042 3697 1117 3780 Bag.

10 3853 27 3865 ρ
56 3795 114 3837 rum
134 3789 167 3839 et
181 3780 339 3854 laieorum,
368 3791 402 3840 et
419 3791 564 3845 conventu

264 4045 477 4114 EXPLICIT
494 4045 711 4114 LIBELLUS
730 4040 903 4117 PRIMUS.
