<?xml version="1.0" encoding="UTF-8"?>
<!DOCTYPE html PUBLIC "-//W3C//DTD XHTML 1.0 Transitional//EN"
    "http://www.w3.org/TR/xhtml1/DTD/xhtml1-transitional.dtd">
<html xmlns="http://www.w3.org/1999/xhtml" xml:lang="en" lang="en">
 <head>
  <title>
</title>
<meta http-equiv="Content-Type" content="text/html;charset=utf-8" />
  <meta name='ocr-system' content='tesseract 3.04.00' />
  <meta name='ocr-capabilities' content='ocr_page ocr_carea ocr_par ocr_line ocrx_word'/>
</head>
<body>
  <div class='ocr_page' id='page_1' title='image "./reginonisabbati00wassgoog_0484.png"; bbox 0 0 2594 4898; ppageno 0'>
   <div class='ocr_carea' id='block_1_1' title="bbox 341 382 1161 465">
    <p class='ocr_par' dir='ltr' id='par_1_1' title="bbox 341 382 1161 465">
     <span class='ocr_line' id='line_1_1' title="bbox 341 382 1161 465; baseline 0.007 -22"><span class='ocrx_word' id='word_1_1' title='bbox 341 383 425 464; x_wconf 81' lang='lat' dir='ltr'>App.</span> <span class='ocrx_word' id='word_1_2' title='bbox 445 383 482 444; x_wconf 94' lang='lat' dir='ltr'>ll.</span> <span class='ocrx_word' id='word_1_3' title='bbox 500 404 571 465; x_wconf 85' lang='lat' dir='ltr'>cap.</span> <span class='ocrx_word' id='word_1_4' title='bbox 591 382 908 445; x_wconf 87' lang='lat' dir='ltr'>XXXlll-XXXVI·</span> <span class='ocrx_word' id='word_1_5' title='bbox 1089 386 1161 449; x_wconf 73' lang='lat' dir='ltr'>m</span> 
     </span>
    </p>
   </div>
   <div class='ocr_carea' id='block_1_2' title="bbox 92 550 1279 858">
    <p class='ocr_par' dir='ltr' id='par_1_2' title="bbox 92 550 1279 858">
     <span class='ocr_line' id='line_1_2' title="bbox 92 550 1279 653; baseline 0.003 -36"><span class='ocrx_word' id='word_1_6' title='bbox 92 553 130 617; x_wconf 84' lang='lat' dir='ltr'>C.</span> <span class='ocrx_word' id='word_1_7' title='bbox 149 550 301 617; x_wconf 89' lang='lat' dir='ltr'>XXXV.</span> <span class='ocrx_word' id='word_1_8' title='bbox 346 551 401 616; x_wconf 89' lang='lat' dir='ltr'>De</span> <span class='ocrx_word' id='word_1_9' title='bbox 413 554 565 632; x_wconf 78' lang='lat' dir='ltr'>feminis,</span> <span class='ocrx_word' id='word_1_10' title='bbox 588 574 671 638; x_wconf 81' lang='lat' dir='ltr'>quoe</span> <span class='ocrx_word' id='word_1_11' title='bbox 691 555 857 636; x_wconf 69' lang='lat' dir='ltr'>religionis</span> <span class='ocrx_word' id='word_1_12' title='bbox 878 562 995 617; x_wconf 78' lang='lat' dir='ltr'>vestem</span> <span class='ocrx_word' id='word_1_13' title='bbox 1012 560 1047 618; x_wconf 85' lang='lat' dir='ltr'>in</span> <span class='ocrx_word' id='word_1_14' title='bbox 1064 554 1279 653; x_wconf 65' lang='lat' dir='ltr'>dominnm.</span> 
     </span>
     <span class='ocr_line' id='line_1_3' title="bbox 129 655 1122 740; baseline 0.004 -22"><span class='ocrx_word' id='word_1_15' title='bbox 129 655 187 719; x_wconf 82' lang='lat' dir='ltr'>dus</span> <span class='ocrx_word' id='word_1_16' title='bbox 198 660 342 740; x_wconf 77' lang='lat' dir='ltr'>pnopriie</span> <span class='ocrx_word' id='word_1_17' title='bbox 359 662 564 733; x_wconf 81' lang='lat' dir='ltr'>mutaverint,</span> <span class='ocrx_word' id='word_1_18' title='bbox 583 663 614 718; x_wconf 83' lang='lat' dir='ltr'>si</span> <span class='ocrx_word' id='word_1_19' title='bbox 625 664 739 738; x_wconf 78' lang='lat' dir='ltr'>posteo</span> <span class='ocrx_word' id='word_1_20' title='bbox 757 661 935 740; x_wconf 79' lang='lat' dir='ltr'>eoniogion</span> <span class='ocrx_word' id='word_1_21' title='bbox 953 658 1122 740; x_wconf 80' lang='lat' dir='ltr'>elegerint,</span> 
     </span>
     <span class='ocr_line' id='line_1_4' title="bbox 469 758 819 858; baseline -0.003 -37"><span class='ocrx_word' id='word_1_22' title='bbox 469 758 548 843; x_wconf 72' lang='lat' dir='ltr'>qnod</span> <span class='ocrx_word' id='word_1_23' title='bbox 563 758 719 841; x_wconf 65' lang='lat' dir='ltr'>egerim</span> <span class='ocrx_word' id='word_1_24' title='bbox 736 763 789 821; x_wconf 80' lang='lat' dir='ltr'>sit.</span> <span class='ocrx_word' id='word_1_25' title='bbox 816 854 819 858; x_wconf 25' lang='lat'>·</span> 
     </span>
    </p>
   </div>
   <div class='ocr_carea' id='block_1_3' title="bbox 212 890 1039 977">
    <p class='ocr_par' dir='ltr' id='par_1_3' title="bbox 212 890 1039 977">
     <span class='ocr_line' id='line_1_5' title="bbox 212 890 1039 977; baseline 0.001 -20"><span class='ocrx_word' id='word_1_26' title='bbox 212 891 445 957; x_wconf 84' lang='lat' dir='ltr'>Toletanum</span> <span class='ocrx_word' id='word_1_27' title='bbox 464 890 677 957; x_wconf 85' lang='lat' dir='ltr'><em>Concilium</em></span> <span class='ocrx_word' id='word_1_28' title='bbox 695 891 764 972; x_wconf 87' lang='lat' dir='ltr'>lv,</span> <span class='ocrx_word' id='word_1_29' title='bbox 789 915 863 972; x_wconf 86' lang='lat' dir='ltr'>cap.</span> <span class='ocrx_word' id='word_1_30' title='bbox 882 890 1039 977; x_wconf 72' lang='lat' dir='ltr'>LV11.³)</span> 
     </span>
    </p>
   </div>
   <div class='ocr_carea' id='block_1_4' title="bbox 88 1010 1161 1811">
    <p class='ocr_par' dir='ltr' id='par_1_4' title="bbox 88 1010 1161 1811">
     <span class='ocr_line' id='line_1_6' title="bbox 176 1010 1161 1098; baseline 0.004 -22"><span class='ocrx_word' id='word_1_31' title='bbox 176 1012 229 1076; x_wconf 88' lang='lat' dir='ltr'>De</span> <span class='ocrx_word' id='word_1_32' title='bbox 247 1013 349 1076; x_wconf 89' lang='lat' dir='ltr'>viduis</span> <span class='ocrx_word' id='word_1_33' title='bbox 368 1020 400 1076; x_wconf 90' lang='lat' dir='ltr'>et</span> <span class='ocrx_word' id='word_1_34' title='bbox 418 1010 546 1092; x_wconf 84' lang='lat' dir='ltr'>puellis,</span> <span class='ocrx_word' id='word_1_35' title='bbox 571 1032 650 1091; x_wconf 89' lang='lat' dir='ltr'>quae</span> <span class='ocrx_word' id='word_1_36' title='bbox 669 1011 810 1076; x_wconf 88' lang='lat' dir='ltr'>habitum</span> <span class='ocrx_word' id='word_1_37' title='bbox 828 1012 991 1098; x_wconf 80' lang='lat' dir='ltr'>religionis</span> <span class='ocrx_word' id='word_1_38' title='bbox 1008 1015 1040 1077; x_wconf 91' lang='lat' dir='ltr'>iu</span> <span class='ocrx_word' id='word_1_39' title='bbox 1061 1013 1161 1080; x_wconf 88' lang='lat' dir='ltr'>domi-</span> 
     </span>
     <span class='ocr_line' id='line_1_7' title="bbox 90 1114 1161 1197; baseline 0.002 -17"><span class='ocrx_word' id='word_1_40' title='bbox 90 1114 149 1181; x_wconf 85' lang='lat' dir='ltr'>bus</span> <span class='ocrx_word' id='word_1_41' title='bbox 171 1118 305 1197; x_wconf 89' lang='lat' dir='ltr'>propriis</span> <span class='ocrx_word' id='word_1_42' title='bbox 324 1123 388 1179; x_wconf 89' lang='lat' dir='ltr'>tam</span> <span class='ocrx_word' id='word_1_43' title='bbox 405 1138 425 1178; x_wconf 91' lang='lat' dir='ltr'>a</span> <span class='ocrx_word' id='word_1_44' title='bbox 445 1115 643 1195; x_wconf 86' lang='lat' dir='ltr'>parentibus,</span> <span class='ocrx_word' id='word_1_45' title='bbox 662 1137 755 1195; x_wconf 89' lang='lat' dir='ltr'>quam</span> <span class='ocrx_word' id='word_1_46' title='bbox 773 1137 830 1195; x_wconf 89' lang='lat' dir='ltr'>per</span> <span class='ocrx_word' id='word_1_47' title='bbox 846 1136 881 1178; x_wconf 89' lang='lat' dir='ltr'>se</span> <span class='ocrx_word' id='word_1_48' title='bbox 899 1118 1105 1197; x_wconf 78' lang='lat' dir='ltr'>mutaverint,</span> <span class='ocrx_word' id='word_1_49' title='bbox 1128 1125 1161 1182; x_wconf 87' lang='lat' dir='ltr'>et</span> 
     </span>
     <span class='ocr_line' id='line_1_8' title="bbox 91 1216 1160 1298; baseline 0.001 -17"><span class='ocrx_word' id='word_1_50' title='bbox 91 1220 118 1281; x_wconf 91' lang='lat' dir='ltr'>si</span> <span class='ocrx_word' id='word_1_51' title='bbox 144 1226 258 1298; x_wconf 88' lang='lat' dir='ltr'>postea</span> <span class='ocrx_word' id='word_1_52' title='bbox 286 1225 396 1281; x_wconf 87' lang='lat' dir='ltr'>contra</span> <span class='ocrx_word' id='word_1_53' title='bbox 422 1219 567 1281; x_wconf 88' lang='lat' dir='ltr'>instituta</span> <span class='ocrx_word' id='word_1_54' title='bbox 589 1224 712 1297; x_wconf 89' lang='lat' dir='ltr'>patrum</span> <span class='ocrx_word' id='word_1_55' title='bbox 734 1216 785 1280; x_wconf 89' lang='lat' dir='ltr'>vel</span> <span class='ocrx_word' id='word_1_56' title='bbox 812 1226 979 1297; x_wconf 85' lang='lat' dir='ltr'>praccepta</span> <span class='ocrx_word' id='word_1_57' title='bbox 1005 1240 1160 1283; x_wconf 90' lang='lat' dir='ltr'>canonum</span> 
     </span>
     <span class='ocr_line' id='line_1_9' title="bbox 92 1310 1161 1404; baseline 0.003 -22"><span class='ocrx_word' id='word_1_58' title='bbox 92 1322 238 1404; x_wconf 83' lang='lat' dir='ltr'>coniugia</span> <span class='ocrx_word' id='word_1_59' title='bbox 255 1318 447 1384; x_wconf 82' lang='lat' dir='ltr'>crediderint</span> <span class='ocrx_word' id='word_1_60' title='bbox 465 1317 651 1400; x_wconf 91' lang='lat' dir='ltr'>copulanda,</span> <span class='ocrx_word' id='word_1_61' title='bbox 670 1319 790 1383; x_wconf 87' lang='lat' dir='ltr'>tamdiu</span> <span class='ocrx_word' id='word_1_62' title='bbox 807 1310 929 1400; x_wconf 84' lang='lat' dir='ltr'>utrique</span> <span class='ocrx_word' id='word_1_63' title='bbox 947 1319 1123 1385; x_wconf 80' lang='lat' dir='ltr'>habeantur</span> <span class='ocrx_word' id='word_1_64' title='bbox 1140 1343 1161 1384; x_wconf 87' lang='lat' dir='ltr'>a</span> 
     </span>
     <span class='ocr_line' id='line_1_10' title="bbox 90 1420 1159 1503; baseline 0.001 -17"><span class='ocrx_word' id='word_1_65' title='bbox 90 1425 311 1486; x_wconf 87' lang='lat' dir='ltr'>communione</span> <span class='ocrx_word' id='word_1_66' title='bbox 334 1423 494 1502; x_wconf 82' lang='lat' dir='ltr'>suspensi,</span> <span class='ocrx_word' id='word_1_67' title='bbox 518 1442 695 1502; x_wconf 79' lang='lat' dir='ltr'>quousque,</span> <span class='ocrx_word' id='word_1_68' title='bbox 719 1422 803 1501; x_wconf 92' lang='lat' dir='ltr'>quod</span> <span class='ocrx_word' id='word_1_69' title='bbox 825 1420 936 1486; x_wconf 76' lang='lat' dir='ltr'>illicite</span> <span class='ocrx_word' id='word_1_70' title='bbox 958 1431 1159 1503; x_wconf 84' lang='lat' dir='ltr'>perpetrave-</span> 
     </span>
     <span class='ocr_line' id='line_1_11' title="bbox 88 1521 1160 1607; baseline 0 -19"><span class='ocrx_word' id='word_1_71' title='bbox 88 1532 180 1605; x_wconf 93' lang='lat' dir='ltr'>ruut,</span> <span class='ocrx_word' id='word_1_72' title='bbox 209 1524 387 1588; x_wconf 75' lang='lat' dir='ltr'>emendent.</span> <span class='ocrx_word' id='word_1_73' title='bbox 432 1521 526 1598; x_wconf 81' lang='lat' dir='ltr'>Quod</span> <span class='ocrx_word' id='word_1_74' title='bbox 548 1525 576 1587; x_wconf 87' lang='lat' dir='ltr'>si</span> <span class='ocrx_word' id='word_1_75' title='bbox 598 1523 766 1587; x_wconf 90' lang='lat' dir='ltr'>emendare</span> <span class='ocrx_word' id='word_1_76' title='bbox 788 1521 1007 1607; x_wconf 86' lang='lat' dir='ltr'>neglexerint,</span> <span class='ocrx_word' id='word_1_77' title='bbox 1034 1547 1054 1588; x_wconf 87' lang='lat' dir='ltr'>a</span> <span class='ocrx_word' id='word_1_78' title='bbox 1076 1546 1160 1588; x_wconf 90' lang='lat' dir='ltr'>com·</span> 
     </span>
     <span class='ocr_line' id='line_1_12' title="bbox 88 1624 1157 1708; baseline -0.002 -16"><span class='ocrx_word' id='word_1_79' title='bbox 88 1629 241 1692; x_wconf 90' lang='lat' dir='ltr'>munione</span> <span class='ocrx_word' id='word_1_80' title='bbox 266 1626 318 1691; x_wconf 89' lang='lat' dir='ltr'>vel</span> <span class='ocrx_word' id='word_1_81' title='bbox 345 1628 483 1690; x_wconf 90' lang='lat' dir='ltr'>omnium</span> <span class='ocrx_word' id='word_1_82' title='bbox 502 1624 753 1693; x_wconf 88' lang='lat' dir='ltr'>Christianorum</span> <span class='ocrx_word' id='word_1_83' title='bbox 779 1626 926 1692; x_wconf 88' lang='lat' dir='ltr'>convivio</span> <span class='ocrx_word' id='word_1_84' title='bbox 948 1627 1157 1708; x_wconf 89' lang='lat' dir='ltr'>inperpetuo</span> 
     </span>
     <span class='ocr_line' id='line_1_13' title="bbox 88 1731 372 1811; baseline -0.014 -14"><span class='ocrx_word' id='word_1_85' title='bbox 88 1733 157 1797; x_wconf 78' lang='lat' dir='ltr'>siut</span> <span class='ocrx_word' id='word_1_86' title='bbox 173 1731 372 1811; x_wconf 86' lang='lat' dir='ltr'>sequestrati.</span> 
     </span>
    </p>
   </div>
   <div class='ocr_carea' id='block_1_5' title="bbox 88 1950 1277 2122">
    <p class='ocr_par' dir='ltr' id='par_1_5' title="bbox 88 1950 1277 2122">
     <span class='ocr_line' id='line_1_14' title="bbox 88 1950 1277 2040; baseline -0.002 -21"><span class='ocrx_word' id='word_1_87' title='bbox 88 1951 127 2019; x_wconf 80' lang='lat' dir='ltr'>C.</span> <span class='ocrx_word' id='word_1_88' title='bbox 156 1950 324 2017; x_wconf 85' lang='lat' dir='ltr'>xxxvl.</span> <span class='ocrx_word' id='word_1_89' title='bbox 372 1951 676 2028; x_wconf 65' lang='lat' dir='ltr'>condecorando</span> <span class='ocrx_word' id='word_1_90' title='bbox 697 1958 917 2022; x_wconf 80' lang='lat' dir='ltr'>ecclesiastico</span> <span class='ocrx_word' id='word_1_91' title='bbox 934 1975 995 2040; x_wconf 83' lang='lat' dir='ltr'>pro</span> <span class='ocrx_word' id='word_1_92' title='bbox 1017 1958 1089 2040; x_wconf 84' lang='lat' dir='ltr'>Iege</span> <span class='ocrx_word' id='word_1_93' title='bbox 1112 1964 1158 2019; x_wconf 88' lang='lat' dir='ltr'>te·</span> <span class='ocrx_word' id='word_1_94' title='bbox 1168 1972 1198 2020; x_wconf 86' lang='lat' dir='ltr'>n.</span> <span class='ocrx_word' id='word_1_95' title='bbox 1207 1972 1225 2017; x_wconf 85' lang='lat'>1.</span> <span class='ocrx_word' id='word_1_96' title='bbox 1236 1970 1277 2017; x_wconf 82' lang='lat' dir='ltr'>cn.</span> 
     </span>
     <span class='ocr_line' id='line_1_15' title="bbox 536 2057 715 2122; baseline 0.017 -3"><span class='ocrx_word' id='word_1_97' title='bbox 536 2057 641 2121; x_wconf 81' lang='lat' dir='ltr'>nenio</span> <span class='ocrx_word' id='word_1_98' title='bbox 662 2063 715 2122; x_wconf 80' lang='lat' dir='ltr'>sit.</span> 
     </span>
    </p>
   </div>
   <div class='ocr_carea' id='block_1_6' title="bbox 101 2168 1143 2377">
    <p class='ocr_par' dir='ltr' id='par_1_6' title="bbox 101 2168 1143 2377">
     <span class='ocr_line' id='line_1_16' title="bbox 101 2168 1143 2274; baseline -0.002 -16"><span class='ocrx_word' id='word_1_99' title='bbox 101 2192 144 2258; x_wconf 81' lang='lat' dir='ltr'>S.</span> <span class='ocrx_word' id='word_1_100' title='bbox 157 2168 287 2274; x_wconf 83' lang='lat' dir='ltr'>¹patris</span> <span class='ocrx_word' id='word_1_101' title='bbox 306 2195 427 2257; x_wconf 90' lang='lat' dir='ltr'>nostri</span> <span class='ocrx_word' id='word_1_102' title='bbox 443 2189 583 2255; x_wconf 87' lang='lat' dir='ltr'>Basilii</span> <span class='ocrx_word' id='word_1_103' title='bbox 601 2211 813 2254; x_wconf 82' lang='lat' dir='ltr'>sermonum</span> <span class='ocrx_word' id='word_1_104' title='bbox 832 2191 877 2254; x_wconf 91' lang='lat' dir='ltr'>ad</span> <span class='ocrx_word' id='word_1_105' title='bbox 894 2189 1044 2254; x_wconf 86' lang='lat' dir='ltr'>beatum</span> <span class='ocrx_word' id='word_1_106' title='bbox 1056 2191 1143 2256; x_wconf 84' lang='lat' dir='ltr'>Am·</span> 
     </span>
     <span class='ocr_line' id='line_1_17' title="bbox 147 2290 1103 2377; baseline 0 -20"><span class='ocrx_word' id='word_1_107' title='bbox 147 2293 382 2377; x_wconf 92' lang='lat' dir='ltr'>philocbium</span> <span class='ocrx_word' id='word_1_108' title='bbox 399 2296 442 2358; x_wconf 88' lang='lat' dir='ltr'>de</span> <span class='ocrx_word' id='word_1_109' title='bbox 461 2293 606 2374; x_wconf 85' lang='lat' dir='ltr'>Spiritu</span> <span class='ocrx_word' id='word_1_110' title='bbox 624 2300 773 2371; x_wconf 91' lang='lat' dir='ltr'>sancto,</span> <span class='ocrx_word' id='word_1_111' title='bbox 797 2315 874 2374; x_wconf 89' lang='lat' dir='ltr'>cap.</span> <span class='ocrx_word' id='word_1_112' title='bbox 893 2291 1060 2357; x_wconf 87' lang='lat' dir='ltr'>XXVII.</span> <span class='ocrx_word' id='word_1_113' title='bbox 1073 2290 1103 2377; x_wconf 79' lang='lat' dir='ltr'>k)</span> 
     </span>
    </p>
   </div>
   <div class='ocr_carea' id='block_1_7' title="bbox 87 2412 1206 3720">
    <p class='ocr_par' dir='ltr' id='par_1_7' title="bbox 87 2412 1206 3720">
     <span class='ocr_line' id='line_1_18' title="bbox 176 2412 1160 2493; baseline -0.003 -14"><span class='ocrx_word' id='word_1_114' title='bbox 176 2412 471 2479; x_wconf 82' lang='lat' dir='ltr'>Ecclesiasticarum</span> <span class='ocrx_word' id='word_1_115' title='bbox 481 2416 714 2478; x_wconf 88' lang='lat' dir='ltr'>institutionum</span> <span class='ocrx_word' id='word_1_116' title='bbox 722 2413 871 2493; x_wconf 88' lang='lat' dir='ltr'>quasdam</span> <span class='ocrx_word' id='word_1_117' title='bbox 881 2413 1160 2492; x_wconf 88' lang='lat' dir='ltr'>scripturis,quas·</span> 
     </span>
     <span class='ocr_line' id='line_1_19' title="bbox 88 2516 1206 2598; baseline -0.004 -16"><span class='ocrx_word' id='word_1_118' title='bbox 88 2518 166 2583; x_wconf 91' lang='lat' dir='ltr'>dam</span> <span class='ocrx_word' id='word_1_119' title='bbox 187 2538 263 2580; x_wconf 86' lang='lat' dir='ltr'>vero</span> <span class='ocrx_word' id='word_1_120' title='bbox 287 2516 463 2595; x_wconf 90' lang='lat' dir='ltr'>apostolica</span> <span class='ocrx_word' id='word_1_121' title='bbox 484 2518 656 2581; x_wconf 88' lang='lat' dir='ltr'>traditione</span> <span class='ocrx_word' id='word_1_122' title='bbox 679 2538 735 2597; x_wconf 88' lang='lat' dir='ltr'>per</span> <span class='ocrx_word' id='word_1_123' title='bbox 756 2517 975 2579; x_wconf 84' lang='lat' dir='ltr'>successiones</span> <span class='ocrx_word' id='word_1_124' title='bbox 993 2517 1025 2578; x_wconf 89' lang='lat' dir='ltr'>iu</span> <span class='ocrx_word' id='word_1_125' title='bbox 1043 2521 1161 2598; x_wconf 84' lang='lat' dir='ltr'>myste-</span> <span class='ocrx_word' id='word_1_126' title='bbox 1201 2540 1206 2549; x_wconf 92' lang='lat'><em>·</em></span> 
     </span>
     <span class='ocr_line' id='line_1_20' title="bbox 88 2616 1161 2702; baseline -0.002 -18"><span class='ocrx_word' id='word_1_127' title='bbox 88 2622 140 2685; x_wconf 86' lang='lat' dir='ltr'>rio</span> <span class='ocrx_word' id='word_1_128' title='bbox 154 2620 205 2702; x_wconf 84' lang='lat'>⁸⁰)</span> <span class='ocrx_word' id='word_1_129' title='bbox 233 2616 436 2682; x_wconf 87' lang='lat' dir='ltr'>confirmatas</span> <span class='ocrx_word' id='word_1_130' title='bbox 462 2621 654 2697; x_wconf 86' lang='lat' dir='ltr'>accepimus,</span> <span class='ocrx_word' id='word_1_131' title='bbox 682 2617 792 2698; x_wconf 91' lang='lat' dir='ltr'>quibus</span> <span class='ocrx_word' id='word_1_132' title='bbox 817 2639 876 2697; x_wconf 89' lang='lat' dir='ltr'>par</span> <span class='ocrx_word' id='word_1_133' title='bbox 901 2620 1001 2683; x_wconf 89' lang='lat' dir='ltr'>virtus</span> <span class='ocrx_word' id='word_1_134' title='bbox 1024 2626 1057 2682; x_wconf 92' lang='lat' dir='ltr'>et</span> <span class='ocrx_word' id='word_1_135' title='bbox 1077 2617 1161 2682; x_wconf 89' lang='lat' dir='ltr'>idem</span> 
     </span>
     <span class='ocr_line' id='line_1_21' title="bbox 88 2716 1160 2800; baseline -0.005 -13"><span class='ocrx_word' id='word_1_136' title='bbox 88 2716 234 2800; x_wconf 71' lang='lat' dir='ltr'>atrisque</span> <span class='ocrx_word' id='word_1_137' title='bbox 256 2720 384 2798; x_wconf 87' lang='lat' dir='ltr'>pietatis</span> <span class='ocrx_word' id='word_1_138' title='bbox 408 2719 541 2782; x_wconf 86' lang='lat' dir='ltr'>effectus</span> <span class='ocrx_word' id='word_1_139' title='bbox 565 2722 637 2799; x_wconf 91' lang='lat' dir='ltr'>quin</span> <span class='ocrx_word' id='word_1_140' title='bbox 660 2722 717 2800; x_wconf 89' lang='lat' dir='ltr'>sit,</span> <span class='ocrx_word' id='word_1_141' title='bbox 742 2729 854 2799; x_wconf 90' lang='lat' dir='ltr'>quotus</span> <span class='ocrx_word' id='word_1_142' title='bbox 877 2721 1005 2800; x_wconf 85' lang='lat' dir='ltr'>quisque</span> <span class='ocrx_word' id='word_1_143' title='bbox 1027 2718 1079 2783; x_wconf 89' lang='lat' dir='ltr'>vel</span> <span class='ocrx_word' id='word_1_144' title='bbox 1101 2717 1160 2782; x_wconf 89' lang='lat' dir='ltr'>ali-</span> 
     </span>
     <span class='ocr_line' id='line_1_22' title="bbox 88 2820 1162 2907; baseline -0.002 -19"><span class='ocrx_word' id='word_1_145' title='bbox 88 2820 278 2907; x_wconf 68' lang='lat' dir='ltr'>quantulum</span> <span class='ocrx_word' id='word_1_146' title='bbox 296 2842 456 2884; x_wconf 87' lang='lat' dir='ltr'>sacrarum</span> <span class='ocrx_word' id='word_1_147' title='bbox 473 2832 623 2902; x_wconf 87' lang='lat' dir='ltr'>expertus</span> <span class='ocrx_word' id='word_1_148' title='bbox 641 2823 865 2902; x_wconf 86' lang='lat' dir='ltr'>scripturarum</span> <span class='ocrx_word' id='word_1_149' title='bbox 883 2821 1102 2887; x_wconf 64' lang='lat' dir='ltr'>haesitaverit?</span> <span class='ocrx_word' id='word_1_150' title='bbox 1125 2820 1162 2886; x_wconf 82' lang='lat' dir='ltr'>Si</span> 
     </span>
     <span class='ocr_line' id='line_1_23' title="bbox 88 2923 1162 3006; baseline -0.004 -13"><span class='ocrx_word' id='word_1_151' title='bbox 88 2927 178 2993; x_wconf 85' lang='lat' dir='ltr'>onim</span> <span class='ocrx_word' id='word_1_152' title='bbox 201 2925 461 2988; x_wconf 80' lang='lat' dir='ltr'>attentaverimus</span> <span class='ocrx_word' id='word_1_153' title='bbox 484 2924 725 2988; x_wconf 88' lang='lat' dir='ltr'>consuetudines</span> <span class='ocrx_word' id='word_1_154' title='bbox 749 2923 900 3001; x_wconf 86' lang='lat' dir='ltr'>ecclesiae</span> <span class='ocrx_word' id='word_1_155' title='bbox 922 2947 986 2989; x_wconf 89' lang='lat' dir='ltr'>nou</span> <span class='ocrx_word' id='word_1_156' title='bbox 1007 2947 1063 3006; x_wconf 83' lang='lat' dir='ltr'>per</span> <span class='ocrx_word' id='word_1_157' title='bbox 1084 2925 1162 2989; x_wconf 87' lang='lat' dir='ltr'>scri·</span> 
     </span>
     <span class='ocr_line' id='line_1_24' title="bbox 88 3024 1162 3113; baseline -0.003 -20"><span class='ocrx_word' id='word_1_158' title='bbox 88 3038 201 3113; x_wconf 84' lang='lat' dir='ltr'>pturas</span> <span class='ocrx_word' id='word_1_159' title='bbox 219 3048 239 3088; x_wconf 91' lang='lat' dir='ltr'>a</span> <span class='ocrx_word' id='word_1_160' title='bbox 255 3024 398 3106; x_wconf 90' lang='lat' dir='ltr'>patribus</span> <span class='ocrx_word' id='word_1_161' title='bbox 416 3025 550 3089; x_wconf 88' lang='lat' dir='ltr'>traditas</span> <span class='ocrx_word' id='word_1_162' title='bbox 569 3025 659 3090; x_wconf 91' lang='lat' dir='ltr'>nihili</span> <span class='ocrx_word' id='word_1_163' title='bbox 677 3029 863 3105; x_wconf 86' lang='lat' dir='ltr'>aestimare,</span> <span class='ocrx_word' id='word_1_164' title='bbox 881 3036 1031 3108; x_wconf 89' lang='lat' dir='ltr'>quantum</span> <span class='ocrx_word' id='word_1_165' title='bbox 1047 3026 1162 3110; x_wconf 86' lang='lat' dir='ltr'>religio</span> 
     </span>
     <span class='ocr_line' id='line_1_25' title="bbox 88 3125 1161 3208; baseline -0.005 -11"><span class='ocrx_word' id='word_1_166' title='bbox 88 3131 276 3197; x_wconf 80' lang='lat' dir='ltr'>detrimenti</span> <span class='ocrx_word' id='word_1_167' title='bbox 294 3127 397 3191; x_wconf 88' lang='lat' dir='ltr'>latura</span> <span class='ocrx_word' id='word_1_168' title='bbox 413 3130 466 3207; x_wconf 89' lang='lat' dir='ltr'>sit,</span> <span class='ocrx_word' id='word_1_169' title='bbox 485 3129 721 3208; x_wconf 88' lang='lat' dir='ltr'>dispicientibus</span> <span class='ocrx_word' id='word_1_170' title='bbox 737 3127 856 3208; x_wconf 86' lang='lat' dir='ltr'>liquido</span> <span class='ocrx_word' id='word_1_171' title='bbox 876 3129 1044 3193; x_wconf 81' lang='lat' dir='ltr'>constabit.</span> <span class='ocrx_word' id='word_1_172' title='bbox 1069 3125 1161 3203; x_wconf 78' lang='lat' dir='ltr'>Quae</span> 
     </span>
     <span class='ocr_line' id='line_1_26' title="bbox 87 3228 1162 3313; baseline -0.007 -14"><span class='ocrx_word' id='word_1_173' title='bbox 87 3234 196 3311; x_wconf 85' lang='lat' dir='ltr'>enim,</span> <span class='ocrx_word' id='word_1_174' title='bbox 214 3238 249 3294; x_wconf 90' lang='lat' dir='ltr'>ut</span> <span class='ocrx_word' id='word_1_175' title='bbox 266 3231 340 3295; x_wconf 91' lang='lat' dir='ltr'>iude</span> <span class='ocrx_word' id='word_1_176' title='bbox 358 3231 534 3309; x_wconf 89' lang='lat' dir='ltr'>ordiamur,</span> <span class='ocrx_word' id='word_1_177' title='bbox 556 3233 709 3311; x_wconf 89' lang='lat' dir='ltr'>scriptura</span> <span class='ocrx_word' id='word_1_178' title='bbox 732 3228 917 3294; x_wconf 86' lang='lat' dir='ltr'>salutiferae</span> <span class='ocrx_word' id='word_1_179' title='bbox 936 3232 1036 3292; x_wconf 90' lang='lat' dir='ltr'>crucis</span> <span class='ocrx_word' id='word_1_180' title='bbox 1054 3232 1162 3313; x_wconf 82' lang='lat' dir='ltr'>signa·</span> 
     </span>
     <span class='ocr_line' id='line_1_27' title="bbox 88 3328 1163 3416; baseline -0.007 -15"><span class='ocrx_word' id='word_1_181' title='bbox 88 3333 165 3401; x_wconf 88' lang='lat' dir='ltr'>culo</span> <span class='ocrx_word' id='word_1_182' title='bbox 196 3331 308 3396; x_wconf 88' lang='lat' dir='ltr'>fideles</span> <span class='ocrx_word' id='word_1_183' title='bbox 339 3335 446 3397; x_wconf 92' lang='lat' dir='ltr'>docuit</span> <span class='ocrx_word' id='word_1_184' title='bbox 472 3332 635 3416; x_wconf 72' lang='lat' dir='ltr'>insiguirii</span> <span class='ocrx_word' id='word_1_185' title='bbox 671 3329 763 3408; x_wconf 82' lang='lat' dir='ltr'>Quae</span> <span class='ocrx_word' id='word_1_186' title='bbox 797 3328 1003 3395; x_wconf 80' lang='lat' dir='ltr'>multifariam</span> <span class='ocrx_word' id='word_1_187' title='bbox 1037 3331 1163 3414; x_wconf 80' lang='lat' dir='ltr'>digesta</span> 
     </span>
     <span class='ocr_line' id='line_1_28' title="bbox 88 3433 1163 3519; baseline -0.007 -17"><span class='ocrx_word' id='word_1_188' title='bbox 88 3457 189 3519; x_wconf 73' lang='lat' dir='ltr'>super</span> <span class='ocrx_word' id='word_1_189' title='bbox 204 3457 317 3515; x_wconf 87' lang='lat' dir='ltr'>panem</span> <span class='ocrx_word' id='word_1_190' title='bbox 342 3442 374 3497; x_wconf 93' lang='lat' dir='ltr'>et</span> <span class='ocrx_word' id='word_1_191' title='bbox 393 3433 524 3497; x_wconf 90' lang='lat' dir='ltr'>calicem</span> <span class='ocrx_word' id='word_1_192' title='bbox 541 3434 685 3514; x_wconf 88' lang='lat' dir='ltr'>prolixae</span> <span class='ocrx_word' id='word_1_193' title='bbox 704 3436 856 3498; x_wconf 89' lang='lat' dir='ltr'>orationis</span> <span class='ocrx_word' id='word_1_194' title='bbox 879 3433 932 3496; x_wconf 90' lang='lat' dir='ltr'>vel</span> <span class='ocrx_word' id='word_1_195' title='bbox 950 3434 1163 3497; x_wconf 86' lang='lat' dir='ltr'>consecratio·</span> 
     </span>
     <span class='ocr_line' id='line_1_29' title="bbox 88 3533 1162 3629; baseline -0.005 -26"><span class='ocrx_word' id='word_1_196' title='bbox 88 3542 144 3629; x_wconf 72' lang='lat' dir='ltr'>iris</span> <span class='ocrx_word' id='word_1_197' title='bbox 163 3536 261 3601; x_wconf 87' lang='lat' dir='ltr'>rerba</span> <span class='ocrx_word' id='word_1_198' title='bbox 279 3535 530 3615; x_wconf 65' lang='lat' dir='ltr'>commendavit?</span> <span class='ocrx_word' id='word_1_199' title='bbox 547 3535 631 3600; x_wconf 90' lang='lat' dir='ltr'>Nam</span> <span class='ocrx_word' id='word_1_200' title='bbox 650 3559 713 3600; x_wconf 90' lang='lat' dir='ltr'>nou</span> <span class='ocrx_word' id='word_1_201' title='bbox 726 3537 831 3611; x_wconf 94' lang='lat' dir='ltr'>modo,</span> <span class='ocrx_word' id='word_1_202' title='bbox 851 3536 933 3617; x_wconf 92' lang='lat' dir='ltr'>quod</span> <span class='ocrx_word' id='word_1_203' title='bbox 947 3537 980 3599; x_wconf 92' lang='lat' dir='ltr'>iu</span> <span class='ocrx_word' id='word_1_204' title='bbox 995 3533 1162 3619; x_wconf 77' lang='lat' dir='ltr'>evaugelio</span> 
     </span>
     <span class='ocr_line' id='line_1_30' title="bbox 90 3637 1163 3720; baseline -0.005 -13"><span class='ocrx_word' id='word_1_205' title='bbox 90 3641 276 3707; x_wconf 85' lang='lat' dir='ltr'>continetur</span> <span class='ocrx_word' id='word_1_206' title='bbox 301 3637 354 3703; x_wconf 88' lang='lat' dir='ltr'>vel</span> <span class='ocrx_word' id='word_1_207' title='bbox 379 3637 551 3720; x_wconf 84' lang='lat' dir='ltr'>Apostolo,</span> <span class='ocrx_word' id='word_1_208' title='bbox 577 3640 611 3702; x_wconf 90' lang='lat' dir='ltr'>iu</span> <span class='ocrx_word' id='word_1_209' title='bbox 633 3642 763 3704; x_wconf 88' lang='lat' dir='ltr'>secretis</span> <span class='ocrx_word' id='word_1_210' title='bbox 786 3639 934 3719; x_wconf 88' lang='lat' dir='ltr'>dicimus,</span> <span class='ocrx_word' id='word_1_211' title='bbox 964 3639 1022 3703; x_wconf 89' lang='lat' dir='ltr'>sed</span> <span class='ocrx_word' id='word_1_212' title='bbox 1045 3646 1078 3702; x_wconf 87' lang='lat' dir='ltr'>et</span> <span class='ocrx_word' id='word_1_213' title='bbox 1099 3637 1163 3702; x_wconf 87' lang='lat' dir='ltr'>alia</span> 
     </span>
    </p>
   </div>
   <div class='ocr_carea' id='block_1_8' title="bbox 88 3915 1166 4251">
    <p class='ocr_par' dir='ltr' id='par_1_8' title="bbox 88 3915 1166 4251">
     <span class='ocr_line' id='line_1_31' title="bbox 167 3915 1164 3981; baseline 0.001 -18"><span class='ocrx_word' id='word_1_214' title='bbox 167 3919 195 3966; x_wconf 85' lang='lat' dir='ltr'>c.</span> <span class='ocrx_word' id='word_1_215' title='bbox 213 3916 321 3965; x_wconf 78' lang='lat' dir='ltr'>XXXV.</span> <span class='ocrx_word' id='word_1_216' title='bbox 357 3915 378 3981; x_wconf 86' lang='lat' dir='ltr'>t)</span> <span class='ocrx_word' id='word_1_217' title='bbox 398 3919 478 3965; x_wconf 83' lang='lat' dir='ltr'>Immo</span> <span class='ocrx_word' id='word_1_218' title='bbox 497 3917 590 3964; x_wconf 89' lang='lat' dir='ltr'>Bened.</span> <span class='ocrx_word' id='word_1_219' title='bbox 608 3917 691 3976; x_wconf 85' lang='lat' dir='ltr'>Capit.</span> <span class='ocrx_word' id='word_1_220' title='bbox 710 3918 739 3962; x_wconf 87' lang='lat' dir='ltr'>L.</span> <span class='ocrx_word' id='word_1_221' title='bbox 755 3918 795 3964; x_wconf 88' lang='grc' dir='ltr'>ΙΙΙ.</span> <span class='ocrx_word' id='word_1_222' title='bbox 815 3931 837 3966; x_wconf 85' lang='lat' dir='ltr'>c.</span> <span class='ocrx_word' id='word_1_223' title='bbox 852 3919 911 3967; x_wconf 75' lang='lat'>338.</span> <span class='ocrx_word' id='word_1_224' title='bbox 929 3916 1025 3977; x_wconf 83' lang='lat' dir='ltr'>(conc.</span> <span class='ocrx_word' id='word_1_225' title='bbox 1039 3917 1121 3966; x_wconf 77' lang='lat' dir='ltr'>Paris.</span> <span class='ocrx_word' id='word_1_226' title='bbox 1134 3921 1164 3964; x_wconf 90' lang='lat' dir='ltr'>V.</span> 
     </span>
     <span class='ocr_line' id='line_1_32' title="bbox 92 3984 1165 4047; baseline -0.005 -12"><span class='ocrx_word' id='word_1_227' title='bbox 92 3988 155 4035; x_wconf 85' lang='lat' dir='ltr'>hab.</span> <span class='ocrx_word' id='word_1_228' title='bbox 167 3999 227 4033; x_wconf 88' lang='lat' dir='ltr'>ann.</span> <span class='ocrx_word' id='word_1_229' title='bbox 238 3988 308 4034; x_wconf 71' lang='lat'>151⁵..</span> <span class='ocrx_word' id='word_1_230' title='bbox 322 3985 686 4047; x_wconf 76' lang='lat' dir='ltr'>c.1a.).-uu1·cn.vm.48.</span> <span class='ocrx_word' id='word_1_231' title='bbox 701 3986 774 4045; x_wconf 75' lang='lat' dir='ltr'>(ch.</span> <span class='ocrx_word' id='word_1_232' title='bbox 783 3984 838 4046; x_wconf 67' lang='lat' dir='ltr'>ib),</span> <span class='ocrx_word' id='word_1_233' title='bbox 852 3987 928 4036; x_wconf 85' lang='lat' dir='ltr'>Decr.</span> <span class='ocrx_word' id='word_1_234' title='bbox 939 3988 991 4035; x_wconf 88' lang='lat' dir='ltr'>Vll.</span> <span class='ocrx_word' id='word_1_235' title='bbox 1002 3990 1043 4032; x_wconf 78' lang='lat' dir='ltr'>bb.</span> <span class='ocrx_word' id='word_1_236' title='bbox 1057 3987 1122 4047; x_wconf 74' lang='grc'>(3.),</span> <span class='ocrx_word' id='word_1_237' title='bbox 1138 3989 1165 4031; x_wconf 82' lang='lat'>0.</span> 
     </span>
     <span class='ocr_line' id='line_1_33' title="bbox 92 4052 1166 4115; baseline -0.004 -11"><span class='ocrx_word' id='word_1_238' title='bbox 92 4055 204 4104; x_wconf 82' lang='lat' dir='ltr'>XXVII.</span> <span class='ocrx_word' id='word_1_239' title='bbox 215 4068 238 4112; x_wconf 88' lang='lat' dir='ltr'>q.</span> <span class='ocrx_word' id='word_1_240' title='bbox 249 4057 272 4102; x_wconf 93' lang='lat'>1.</span> <span class='ocrx_word' id='word_1_241' title='bbox 282 4068 304 4100; x_wconf 91' lang='lat' dir='ltr'>c.</span> <span class='ocrx_word' id='word_1_242' title='bbox 315 4055 347 4115; x_wconf 70' lang='grc'>1.,</span> <span class='ocrx_word' id='word_1_243' title='bbox 357 4067 437 4101; x_wconf 80' lang='lat' dir='ltr'>cmm:</span> <span class='ocrx_word' id='word_1_244' title='bbox 447 4053 492 4100; x_wconf 72' lang='lat' dir='ltr'>Ex</span> <span class='ocrx_word' id='word_1_245' title='bbox 503 4055 578 4101; x_wconf 80' lang='lat' dir='ltr'>Cone.</span> <span class='ocrx_word' id='word_1_246' title='bbox 592 4053 673 4101; x_wconf 64' lang='grc' dir='ltr'><em>Τοῖα.</em></span> <span class='ocrx_word' id='word_1_247' title='bbox 683 4054 699 4098; x_wconf 96' lang='lat'><em>1</em></span> <span class='ocrx_word' id='word_1_248' title='bbox 704 4054 733 4102; x_wconf 90' lang='lat' dir='ltr'>V.</span> <span class='ocrx_word' id='word_1_249' title='bbox 744 4069 765 4100; x_wconf 85' lang='lat' dir='ltr'>c.</span> <span class='ocrx_word' id='word_1_250' title='bbox 776 4055 816 4101; x_wconf 72' lang='lat'>57.</span> <span class='ocrx_word' id='word_1_251' title='bbox 825 4079 859 4090; x_wconf 95' lang='lat'><strong>—</strong></span> <span class='ocrx_word' id='word_1_252' title='bbox 870 4052 909 4104; x_wconf 81' lang='lat' dir='ltr'>ct.</span> <span class='ocrx_word' id='word_1_253' title='bbox 920 4057 979 4115; x_wconf 81' lang='lat' dir='ltr'>Reg.</span> <span class='ocrx_word' id='word_1_254' title='bbox 989 4058 1053 4114; x_wconf 82' lang='lat' dir='ltr'>App.</span> <span class='ocrx_word' id='word_1_255' title='bbox 1062 4057 1080 4102; x_wconf 86' lang='lat'>1.</span> <span class='ocrx_word' id='word_1_256' title='bbox 1092 4067 1114 4101; x_wconf 90' lang='lat' dir='ltr'>c.</span> <span class='ocrx_word' id='word_1_257' title='bbox 1125 4054 1166 4100; x_wconf 70' lang='lat'>57.</span> 
     </span>
     <span class='ocr_line' id='line_1_34' title="bbox 88 4114 1164 4188; baseline -0.002 -20"><span class='ocrx_word' id='word_1_258' title='bbox 88 4114 95 4125; x_wconf 82' lang='lat'><strong><em>‘</em></strong></span> <span class='ocrx_word' id='word_1_259' title='bbox 168 4125 196 4169; x_wconf 92' lang='lat' dir='ltr'>c.</span> <span class='ocrx_word' id='word_1_260' title='bbox 214 4122 335 4170; x_wconf 79' lang='lat' dir='ltr'>xxxvi.</span> <span class='ocrx_word' id='word_1_261' title='bbox 369 4122 398 4182; x_wconf 82' lang='lat' dir='ltr'>k)</span> <span class='ocrx_word' id='word_1_262' title='bbox 416 4119 780 4188; x_wconf 73' lang='lat' dir='ltr'>auren.111.1ar.(aeg.n.),</span> <span class='ocrx_word' id='word_1_263' title='bbox 794 4118 1164 4185; x_wconf 73' lang='lat' dir='ltr'>uec:.1V.ss.(o.),ran.u.</span> 
     </span>
     <span class='ocr_line' id='line_1_35' title="bbox 96 4189 437 4251; baseline -0.009 -10"><span class='ocrx_word' id='word_1_264' title='bbox 96 4194 160 4241; x_wconf 70' lang='lat'>159.</span> <span class='ocrx_word' id='word_1_265' title='bbox 173 4189 238 4251; x_wconf 87' lang='lat' dir='ltr'>(D.),</span> <span class='ocrx_word' id='word_1_266' title='bbox 248 4191 316 4238; x_wconf 84' lang='lat' dir='ltr'>Dirt.</span> <span class='ocrx_word' id='word_1_267' title='bbox 326 4191 370 4236; x_wconf 84' lang='lat' dir='ltr'>Xl.</span> <span class='ocrx_word' id='word_1_268' title='bbox 381 4206 403 4238; x_wconf 92' lang='lat' dir='ltr'>c.</span> <span class='ocrx_word' id='word_1_269' title='bbox 414 4195 437 4239; x_wconf 81' lang='lat'>5.</span> 
     </span>
    </p>
   </div>
   <div class='ocr_carea' id='block_1_9' title="bbox 144 4341 788 4420">
    <p class='ocr_par' dir='ltr' id='par_1_9' title="bbox 144 4341 788 4420">
     <span class='ocr_line' id='line_1_36' title="bbox 144 4341 788 4420; baseline -0.006 -17"><span class='ocrx_word' id='word_1_270' title='bbox 144 4344 178 4403; x_wconf 85' lang='lat' dir='ltr'>C.</span> <span class='ocrx_word' id='word_1_271' title='bbox 197 4342 330 4403; x_wconf 83' lang='lat' dir='ltr'>xxxvl.</span> <span class='ocrx_word' id='word_1_272' title='bbox 354 4348 407 4420; x_wconf 84' lang='lat'>80)</span> <span class='ocrx_word' id='word_1_273' title='bbox 426 4345 609 4405; x_wconf 71' lang='lat' dir='ltr'>monaterio:</span> <span class='ocrx_word' id='word_1_274' title='bbox 627 4341 689 4401; x_wconf 88' lang='lat' dir='ltr'>Bal.</span> <span class='ocrx_word' id='word_1_275' title='bbox 710 4341 788 4401; x_wconf 75' lang='lat' dir='ltr'>Grai.</span> 
     </span>
    </p>
   </div>
   <div class='ocr_carea' id='block_1_10' title="bbox 0 0 1304 4898">
    <p class='ocr_par' dir='ltr' id='par_1_10' title="bbox 0 0 1304 4898">
     <span class='ocr_line' id='line_1_37' title="bbox 0 0 1304 4898; baseline 0 0"><span class='ocrx_word' id='word_1_276' title='bbox 0 0 1304 4898; x_wconf 95' lang='lat' dir='ltr'> </span> 
     </span>
    </p>
   </div>
  </div>
 </body>
</html>
