2594 4898
447 363 527 440 cap.
547 360 840 423 cmm-cumr.

309 516 316 526 ’
421 526 459 592 C.
480 526 585 591 CLX.
631 527 687 593 De
703 530 812 593 eadem
828 550 874 592 rc.

310 664 363 726 Ex
381 662 557 799 Epistola
574 663 788 746 Symmachi
805 662 930 746 Papae
944 668 985 745 v).

196 781 353 862 Raptores
369 785 465 866 igitur
481 783 647 846 viduarum
666 781 715 845 vel
729 784 883 866 virginum
898 784 938 847 ob
952 787 1182 851 immanitatem

105 887 192 947 tanti
214 884 365 946 facinoris
389 884 596 962 detestamur,
619 882 692 947 illos
713 883 932 948 vehementius
949 889 1180 968 persequendo,

108 988 163 1065 qui
181 1007 290 1048 sacras
307 986 446 1068 virgines
464 984 517 1048 vel
535 984 679 1048 volentes
697 985 748 1049 vel
767 989 883 1050 invitas
901 990 1103 1051 matrimonio
1122 1010 1180 1052 suo

108 1089 236 1150 sociare
267 1089 475 1161 tentaverint3
512 1108 588 1165 quos
620 1109 678 1167 pro
706 1095 771 1150 tam
797 1088 1015 1152 nefandissimi
1042 1091 1180 1153 criminis

109 1191 280 1251 atrocitate
298 1211 317 1251 a
335 1190 554 1252 communione
572 1188 722 1267 suspendi
738 1190 957 1269 praecipimus.

198 1356 236 1422 C.
257 1354 376 1421 CLXI.
420 1357 475 1422 De
500 1357 564 1437 lca,
591 1365 649 1443 qui
672 1346 927 1424 sanctimoniales
952 1367 1093 1443 repetent.
1190 1385 1238 1430 16³

232 1494 290 1556 Ex
308 1490 482 1557 Concilio
501 1493 737 1573 supradicto,
762 1516 837 1572 cap.
857 1492 1013 1558 LXVII.
1024 1497 1058 1579 ¹¹)

199 1609 263 1687 Qui
281 1611 551 1690 sanctimoniales,
569 1614 708 1695 virgines
726 1610 780 1676 vel
798 1614 907 1676 viduas
920 1615 1047 1693 rapiunt
1061 1620 1094 1676 et
1106 1634 1179 1692 pro·

106 1735 225 1799 gressu
243 1717 338 1777 etiam
355 1716 494 1778 criminis
511 1716 545 1776 in
564 1716 742 1796 coniugium
755 1722 895 1793 sumunt,
913 1714 1056 1794 publicae
1070 1716 1180 1794 poeni-

106 1819 230 1887 tentiae
250 1815 445 1900 subigantur.
481 1815 575 1895 lpsae
592 1837 668 1879 vero
687 1817 824 1879 feminae
840 1817 921 1879 locis
940 1819 1085 1900 congruis
1102 1838 1179 1896 poe-

107 1920 265 1982 nitentiae
282 1919 486 1981 retrudantur
503 1918 592 1981 etad
610 1917 753 1981 habitum
772 1917 933 2003 religionis
947 1918 1051 1981 redire
1064 1939 1179 2002 cogan-

106 2027 160 2085 tur
173 2015 276 2106 ³³⁶).
294 2018 435 2099 Uterque
453 2026 559 2082 autem
576 2021 643 2082 sine
659 2018 725 2082 ulla
742 2041 797 2099 spe
816 2022 951 2083 uxoriae
968 2017 1179 2099 copulationis

106 2125 291 2203 perenniter
307 2128 467 2184 maneant.
513 2119 548 2182 Si
567 2142 659 2198 vero,
679 2122 762 2199 quod
781 2120 880 2198 absit,
900 2122 1046 2203 coniugia
1064 2122 1179 2189 iterare

106 2226 371 2305 praesumserint,
408 2225 523 2286 acriori
540 2222 714 2284 subdantur
731 2221 890 2282 vindictae
908 2228 940 2283 et
958 2219 1089 2299 amplius
1107 2239 1179 2299 pro-

106 2325 280 2407 pellantur.
329 2317 477 2408 Quiw)
504 2325 533 2385 si
562 2324 646 2385 torte
673 2320 802 2384 obedire
827 2322 955 2384 monitis
986 2319 1178 2384 salutaribus

107 2427 288 2506 noluerint,
307 2425 624 2491 anathematizentur.

296 2630 301 2637 ·
403 2594 441 2660 C.
462 2594 598 2660 CLXII.
644 2595 698 2659 De
715 2596 823 2660 eodem
840 2617 887 2658 re.
1188 2614 1236 2658 iss

325 2734 383 2797 Ex
401 2731 575 2813 Epistola
594 2731 771 2819 Gregorii
788 2729 964 2815 Papae¹).

196 2854 349 2917 Pervenit
367 2854 406 2917 ad
425 2875 499 2930 nos,
522 2853 605 2931 quod
628 2853 754 2931 quidam
773 2854 822 2914 vir
839 2850 1047 2930 nequissimus
1066 2846 1179 2912 diabo-

108 2957 173 3022 lico
200 2959 352 3020 instinctu
378 2956 417 3018 de
439 2956 633 3018 monasterio
656 2957 791 3017 suaserit
816 2955 906 3015 exire
930 2952 1084 3032 quandam
1105 2946 1178 3014 Deo

108 3066 284 3137 sacratam,
303 3067 396 3143 atque
415 3079 434 3120 a
452 3057 587 3135 quodam
603 3058 689 3133 viro,
707 3055 791 3118 unde
806 3056 943 3132 exierat,
962 3055 1004 3116 sit
1017 3060 1178 3131 revocata,

109 3181 280 3239 rursusque
304 3181 374 3221 eam
396 3161 444 3221 vir
461 3160 669 3237 nequissimus
687 3154 742 3219 ille
761 3158 868 3235 iniqua
888 3157 1037 3217 suasione
1056 3155 1094 3215 de
1113 3175 1180 3216 mo·

108 3264 253 3326 nosterio
281 3263 426 3340 eiiciens,
454 3260 535 3339 apud
561 3281 597 3322 se
623 3281 705 3322 nunc
731 3278 829 3343 usque
850 3259 988 3319 retineat
1009 3254 1177 3333 impudice.

180 3507 209 3553 C.
228 3504 302 3551 CLX.
337 3499 369 3568 v).
384 3503 467 3562 Epist.
480 3504 512 3550 ad
522 3506 624 3549 Caesar.
637 3501 734 3549 Arctet.
748 3498 840 3559 episc,
859 3512 908 3545 scr.
918 3511 977 3545 ann.
988 3498 1059 3555 5⁰2,
1078 3510 1102 3543 c.
1113 3498 1136 3543 3.
1145 3519 1180 3529 -

109 3572 433 3634 Coll.vet.c.'t⁰.‚1)ach.
445 3574 462 3619 Ι.
473 3574 528 3631 oa,
539 3570 698 3616 Hal.lv.16.
708 3562 912 3628 (tons).-Ans.
922 3565 956 3614 Χ.
966 3568 1016 3625 65„
1027 3579 1048 3612 c.
1058 3564 1179 3613 XXXVI.

106 3657 132 3701 q·
144 3644 169 3690 2
179 3642 313 3756 ddzllirxl.
347 3708 383 3768 w)
401 3707 499 3755 concil.
509 3706 632 3753 Meldenr.
643 3705 700 3752 hab.
709 3718 768 3751 ann.
778 3705 835 3749 845.
844 3727 878 3737 -
887 3702 981 3753 Bur-cti.
989 3664 1056 3750 vill.
1066 3702 1107 3750 52.
1116 3700 1180 3763 (R.)‚

109 3779 188 3825 Deer.
198 3778 253 3822 vll.
262 3777 304 3823 ro.
314 3771 376 3839 (B.).

180 3845 208 3891 C.
227 3845 326 3892 cnxu.
362 3844 393 3904 x)
409 3842 535 3902 Excerpt.
549 3856 582 3888 ex
598 3856 637 3900 ep.
651 3841 756 3900 Gregor.
766 3841 800 3885 M.
815 3840 845 3886 ad
855 3838 993 3887 Marinicn.
1003 3840 1116 3886 Raverm
1130 3850 1181 3887 rer.

110 3928 171 3961 ann.
190 3915 256 3961 59¹1.
267 3911 327 3972 (Ep.
346 3913 387 3960 42.
404 3912 433 3960 L.
452 3911 497 3971 1.).
508 3937 543 3947 -
552 3910 617 3958 coll.
630 3911 687 3957 Vat.
702 3923 725 3954 c.
742 3911 799 3956 219.
815 3903 907 3972 (tons).
916 3931 951 3943 -
961 3909 989 3954 0.
1000 3907 1105 3957 xxvla
1118 3920 1143 3967 q.
1157 3904 1180 3951 1.

109 3996 132 4032 ο.
151 3984 195 4028 15.
551 4013 556 4019 -

153 4133 189 4192 C.
215 4131 317 4191 CLXI.
348 4137 423 4203 336)
452 4129 571 4189 ilelmst.
596 4140 626 4188 et
667 4130 1050 4207 gantur—poenitentioe:
1076 4123 1136 4184 des.
1159 4123 1180 4180 i.

111 4218 205 4278 Paris.
220 4218 250 4276 lr.
261 4216 281 4275 l.
290 4219 387 4276 mutili
396 4227 479 4275 sunt:
497 4220 622 4294 ι’ρεαο-
672 4214 789 4273 llelmst.
835 4219 912 4285 337)
947 4230 1023 4290 qua:
1050 4208 1178 4275 Holmoi..
1220 4284 1223 4291 Ι

111 4313 281 4382 cogamur.-
310 4300 374 4362 des.
396 4303 416 4360 i.
442 4301 520 4374 Per„
545 4301 626 4360 subi·
670 4301 763 4376 qaod:
784 4297 860 4357 llild.
878 4296 940 4355 Bel.

901 4395 967 4454 18¹⁸
