2594 4898
107 355 172 400 vm
395 332 644 397 PRAEFATIO
666 330 884 395 nntronls.
970 418 974 423 Ι
1045 356 1050 363 ·

108 508 162 587 qui
187 504 340 591 dignitate
362 499 553 584 sua'sponte
575 503 794 580 abdicaverat,
821 522 878 581 per
898 498 1087 563 electionem
1108 501 1175 566 fra·

36 665 40 671 .
107 619 192 673 mum
215 606 366 671 successit
387 627 485 686 usqua
504 607 546 669 ad
563 626 679 669 annum
701 609 779 683 899,
802 625 877 683 quo,
900 601 1033 667 aemulis
1049 606 1176 689 agenti·

107 709 220 792 bus*)‚
247 710 399 772 iniuriose
418 710 578 786 depositus
600 713 664 787 est,
692 714 786 785 atque
803 702 1001 783 Richarium,
1025 707 1176 768 comitum

109 808 267 875 Gorbardi
285 818 319 874 et
334 809 480 873 Matsridi
498 811 639 884 fratrem,
663 829 878 872 successorem
897 807 1035 870 habuis·
1066 805 1175 883 Quae-

109 936 183 977 nam
205 920 311 976 autem
331 910 423 975 buius
441 913 648 992 depositionis
666 913 784 974 fuerint
801 931 932 988 carnae,
956 931 1020 972 non
1038 915 1175 987 constat,

108 1037 209 1096 neque
226 1018 295 1096 ipse
312 1036 367 1078 aas
385 1014 507 1099 Regino
524 1012 641 1094 publici
658 1016 735 1077 iuris
752 1013 843 1091 lecit,
861 1019 948 1077 certe
965 1008 1044 1077 nibil
1058 1012 1099 1074 de
1116 1011 1176 1074 hac

108 1139 144 1181 re
166 1117 207 1180 ad
229 1124 370 1180 nostram
387 1119 532 1197 pervenit
549 1098 755 1197 aetatem&
800 1112 876 1177 lnde
895 1113 935 1176 ab
958 1135 1043 1175 anno
1062 1119 1125 1177 899
1142 1117 1176 1177 in

108 1221 335 1282 monasterium
352 1216 552 1282 Treverense
572 1218 605 1281 S.
625 1216 795 1281 Maximini
816 1239 851 1280 se
874 1214 1094 1298 comptas),
1116 1216 1177 1279 ibi·

109 1321 287 1401 qualitatis
306 1322 429 1385 deditus
448 1322 526 1384 dnos
546 1319 774 1384 Chronicorum
793 1320 978 1398 conscripsit
993 1316 1093 1382 libros
1109 1317 1177 1397 plu·

108 1445 222 1504 resque
241 1422 388 1503 epistolas
399 1422 456 1510 †),
476 1431 570 1504 atque
583 1422 735 1507 singulari
749 1421 907 1506 gaudebat
921 1422 1176 1483 consideratione

110 1532 204 1605 atqua
227 1526 431 1590 observantia
448 1526 587 1589 Ratbodi
610 1525 836 1603 archiepiscopi
853 1520 1077 1602 TreverensiS,
1097 1545 1177 1603 quae

109 1628 235 1707 quidem
260 1629 401 1706 inprimis
429 1620 560 1707 apparet
581 1648 626 1690 ex
646 1626 795 1689 mandato
819 1624 926 1703 buius,
955 1618 1111 1703 canonum
1139 1625 1178 1687 da

109 1728 203 1791 rebus
222 1728 426 1810 synodalibus
445 1737 478 1793 et
496 1727 667 1810 disciplinis
686 1727 907 1792 ecclesiasticis
929 1727 1067 1790 faciendi
1081 1726 1178 1791 colle·

111 1833 264 1909 ostonem,
282 1833 353 1892 usui
370 1833 403 1894 in
421 1834 515 1911 praxi
533 1839 566 1896 et
582 1832 653 1894 foro
672 1831 827 1893 dioecesis
847 1831 1047 1892 destinatam.
1092 1829 1178 1893 Hinc

109 1952 205 1995 causa
228 1939 260 1995 et
281 1935 370 2017 origo
393 1935 496 2013 operis
520 1936 636 2011 nostri,
660 1933 744 2013 quod
767 1932 891 2012 quidem
914 1952 997 1993 anno
1020 1935 1098 2008 906,
1120 1942 1179 1995 aut

111 2042 198 2097 certa
223 2033 329 2113 paullo
357 2043 430 2115 post
455 2038 667 2115 conscriptum
694 2056 780 2113 esse,
813 2056 857 2097 ex
889 2032 1009 2097 duabus
1036 2036 1179 2112 sequitur

110 2135 251 2215 epistolis
269 2136 429 2214 formatis,
449 2136 531 2200 libro
549 2140 650 2217 primo
669 2138 708 2218 (c.
726 2140 801 2199 450.
819 2136 910 2218 451.)
928 2137 1071 2214 insertiS,
1096 2158 1177 2214 quae

109 2237 167 2300 illo
191 2238 284 2300 datae
306 2244 380 2301 sunt
401 2259 501 2316 anno,
524 2259 736 2317 aequavero,
759 2237 843 2317 quod
862 2237 1055 2300 contendunt
1071 2237 1177 2301 Hont-

109 2338 194 2402 baim
208 2337 282 2426 ††)
319 2347 353 2402 et
386 2341 550 2402 novissimi
586 2338 755 2403 Gestorum
792 2335 1039 2402 Treverensium
1074 2340 1178 2401 edito-

108 2440 285 2528 res†††)‚
311 2439 484 2524 Reginonis
512 2440 733 2504 collectionem
759 2442 792 2502 in
817 2439 1003 2520 provinciali
1032 2439 1177 2504 Concilio

111 2540 246 2607 Trever.
265 2567 285 2606 a
296 2541 444 2608 Ratbodo
463 2565 533 2606 asse
545 2542 738 2623 publicatam
752 2549 845 2623 atque
858 2539 1087 2620 confirmatam,
1106 2555 1177 2623 pot·

112 2690 325 2705 ——n——u—-u

178 2762 207 2833 ⁸⁸)
224 2769 287 2830 Reg.
297 2768 390 2818 Cbrou.
400 2770 431 2817 ad
441 2784 463 2818 a.
475 2772 533 2820 892.

178 2866 221 2935 **)
240 2870 274 2918 ld.
290 2870 321 2918 ud
336 2884 359 2918 a.
370 2874 430 2920 899:
445 2873 540 2919 Eodem
549 2887 618 2920 anna
627 2872 770 2921 Ricbars'ar
780 2874 860 2922 abbas
871 2871 1029 2920 prumiensis
1038 2875 1177 2928 canamus·-

112 2944 163 2988 tar.
201 2939 324 2993 Qualiter
333 2947 421 2987 aaron
430 2955 494 3002 erga
503 2956 541 2988 me
551 2948 637 2988 actssrn
647 2945 695 3001 sit,
710 2942 807 2989 idcirco
816 2946 844 2988 ia
852 2941 902 2988 boc
911 2942 966 2987 ioco
975 2949 1069 2988 notare
1079 2941 1178 3002 distuli,

109 3019 142 3052 ne
151 3007 230 3070 forte
247 3008 351 3054 iniuriis
364 3017 525 3074 provocatas
543 3012 625 3068 altra,
645 3025 722 3072 paam
740 3011 888 3056 christiana
899 3011 1031 3069 patientia
1036 3012 1178 3070 permittit,

106 3076 296 3134 persecutionis
305 3090 376 3122 mene
386 3091 482 3125 caretas
492 3092 668 3140 exaggerasse
676 3079 786 3127 viderer.
797 3104 826 3116 -
841 3079 907 3124 Anu.
916 3076 1058 3126 Prumieus.
1069 3076 1179 3137 (Arabia

108 3142 127 3193 l·
143 3143 185 3202 l.):
206 3144 328 3206 (Regino)
344 3160 434 3192 earam
448 3148 606 3194 abbatialem
623 3147 758 3207 ἀφωνίη
776 3145 845 3207 qaod
856 3146 922 3191 enirn
939 3159 975 3190 ea
994 3146 1179 3194 deliberatione

110 3213 193 3257 animi
204 3212 397 3274 aolrentatispae
405 3217 540 3274 proposita
553 3216 582 3261 id
588 3230 638 3261 nan
647 3217 742 3276 egerit,
758 3212 846 3272 colligi
852 3218 943 3271 potest
951 3226 986 3257 ea
996 3215 1178 3273 multiplicibus

110 3280 233 3341 querelis,
251 3294 317 3340 areas
329 3285 357 3328 in
371 3282 502 3330 distinctis
516 3285 579 3330 Iocis
588 3285 650 3330 libri
659 3281 844 3328 chronicarum
854 3293 959 3325 snorum
971 3281 1112 3328 instituere
1121 3297 1179 3329 cer-

108 3346 190 3397 attur.
227 3348 297 3407 Quin
314 3363 374 3396 aero
388 3352 421 3397 ab
435 3354 551 3412 antiquis
566 3352 664 3410 decisa,
683 3356 761 3397 eruta
770 3349 955 3395 etintermissa
965 3347 1178 3412 stradiafaerurst,

109 3430 177 3477 qnae
190 3418 244 3477 s'pse
252 3416 304 3464 bac
313 3418 343 3463 de
353 3432 382 3464 re
391 3419 535 3467 luculenter
549 3433 678 3467 exarasse
692 3417 924 3476 animadvertitur,
939 3416 994 3462 idea
1009 3431 1091 3479 aeque
1103 3419 1178 3465 bodie

109 3499 192 3533 caasa
201 3493 228 3533 et
236 3488 452 3535 circumstantiae
461 3492 560 3551 negatis·
567 3489 729 3536 delitescant.
1160 3492 1165 3499 '

177 3583 236 3648 m)
253 3588 297 3636 Sic
311 3591 419 3635 namot
431 3592 498 3637 Anu.
511 3590 596 3637 Pium.
611 3584 721 3649 (Arabis
734 3602 758 3646 p.
768 3586 854 3647 293),
873 3586 918 3632 scd
932 3585 958 3633 in
974 3587 1107 3639 aliisAuu.
1116 3562 1178 3635 item

108 3653 193 3703 Pram.
212 3652 322 3714 (Archia
335 3669 359 3713 p.
373 3654 442 3714 rat.)
459 3657 557 3714 Regino
570 3668 587 3701 a
600 3655 715 3701 &inodo
733 3654 846 3712 archiep.
860 3656 1017 3703 monasterio
1033 3657 1059 3703 S.
1072 3657 1179 3704 Martini

110 3722 185 3769 Trea.
196 3722 357 3781 praepositus
368 3735 425 3769 esse
435 3723 541 3782 dicitnr,
552 3721 669 3780 sepultus
679 3724 766 3771 tamen
776 3721 804 3770 in
813 3723 937 3773 coenobio
947 3725 973 3772 S.
982 3725 1126 3770 blaximini.

177 3821 208 3881 †)
230 3821 355 3870 Trs'tbens.
365 3822 392 3870 in
402 3824 483 3872 catal.
494 3824 530 3870 ill.
541 3824 653 3872 virorum
664 3824 748 3871 Germ.
759 3821 840 3887 (Trai.
851 3827 926 3872 1495.
937 3826 982 3873 iol.
992 3826 1050 3885 IX.)
1066 3826 1178 3885 Regino-

108 3903 167 3937 nem
182 3890 277 3939 multos
292 3904 424 3939 sermones
438 3894 464 3939 et
476 3893 568 3945 librum
586 3906 665 3939 unum
679 3892 846 3951 epistolarum
861 3894 892 3940 ud
908 3893 1022 3939 diversos
1043 3895 1179 3953 scripsisse

109 3959 249 4007 contendit.
276 3960 326 4007 Sed
336 3959 366 4006 de
376 3960 536 4009 sermonibus
546 3961 644 4023 nullus,
654 3963 684 4007 ds
694 3961 811 4019 epistolis
822 3976 873 4008 una
882 3965 982 4007 tantum
994 3961 1025 4007 ad
1035 3963 1178 4010 Ratbodum

109 4027 221 4086 archiep.
237 4027 311 4074 bodie
328 4031 428 4089 exstat,
444 4029 474 4075 de
484 4044 534 4088 qua
545 4032 578 4077 cl.
590 4029 678 4079 Catnl.
688 4031 745 4079 libb.
755 4043 815 4079 mss.
823 4030 881 4078 bibi.
890 4029 961 4090 Lapis.
971 4032 1043 4080 cs'rs‘t.
1053 4031 1092 4077 ed.
1105 4030 1178 4077 Nau-

108 4108 188 4143 nsasn
197 4109 221 4154 p.
233 4098 273 4143 51.
284 4110 352 4144 num.
363 4099 421 4144 169.

177 4193 226 4258 ἡ)
247 4196 344 4246 liantls.
353 4199 484 4249 Prodrosn.
494 4200 560 4247 llist.
569 4201 644 4247 Trer.
653 4204 672 4248 1.
683 4215 706 4260 p.
717 4176 793 4248 302(-

175 4298 244 4363 †††)
267 4299 440 4363 Wyttesbacls
449 4304 477 4350 ct
485 4302 594 4362 basar,
605 4304 668 4363 Aug.
678 4302 778 4350 Trevir.
788 4303 863 4351 18³6.
873 4304 946 4355 Tora.
957 4303 975 4349 Ι.
983 4302 1049 4362 App.
1061 4315 1085 4360 p.
1095 4303 1136 4350 ts.
