2594 4898
180 344 254 407 dsstl
424 339 588 403 uncino
602 337 741 400 ulnus
757 336 1007 399 SECUNDUS.

181 513 269 590 scopi
284 516 435 590 tanquam
450 508 579 592 fugaces
597 507 655 571 sub
674 507 817 571 custodia
830 512 1036 582 revocentur,
1060 513 1095 570 ct
1109 528 1199 571 mum
1212 530 1241 572 sc

180 611 236 675 ille
253 612 352 675 abbas
368 611 509 674 futurum
526 632 597 674 esse
614 604 796 693 cognoscat,
823 610 876 688 qai
892 610 926 670 in
944 606 1129 672 huiuamodi
1144 630 1241 689 perro-

182 716 232 777 nis
254 734 317 776 non
339 710 478 797 regulari
498 711 774 776 animadversione
796 710 1012 789 distrinxerit,
1035 709 1091 781 vel
1113 713 1168 792 qni
1182 732 1240 775 no·

182 814 316 881 nacburn
333 817 505 894 susceperit
521 812 670 879 alienum.

64 1068 222 1135 alenc.
240 1067 283 1133 V.
335 1068 390 1135 De
414 1070 606 1135 deieratioua
624 1076 801 1154 potentatu
830 1076 1061 1153 eptacrqroruao,
1096 1092 1191 1157 quan
1215 1078 1245 1137 io

472 1179 672 1237 monaterio
688 1170 959 1256 indesponsata

327 1308 386 1373 Ex
402 1304 788 1373 Concilio'l'oletano
806 1303 887 1387 lv,
905 1330 982 1389 cap.
1000 1306 1066 1373 LI.
1080 1310 1108 1393 ο)

269 1424 461 1493 Nunciatum
478 1434 527 1491 est
543 1428 703 1508 praesenti
720 1425 869 1505 concilio,
896 1424 980 1506 qnod
1009 1428 1164 1493 monachi
1186 1429 1245 1511 epi-

185 1528 306 1611 scopali
327 1531 459 1611 irnperio
481 1526 590 1593 servili
608 1550 703 1609 opere
719 1531 936 1609 mancipentur
953 1534 988 1591 et
1003 1529 1076 1592 iura
1092 1538 1248 1617 monaste·

186 1634 306 1695 riorum
327 1640 439 1695 contm
460 1632 631 1695 constituta
643 1632 694 1716 ¹⁸)
717 1651 872 1694 canonum
887 1628 999 1693 illicita
1016 1634 1248 1711 praesumtione

185 1740 392 1812 usurpentur,
413 1735 461 1796 ita
480 1740 517 1796 nt
536 1754 617 1813 pena
639 1753 685 1795 ex
706 1732 861 1796 coenobio
883 1734 1044 1812 possessio
1065 1722 1145 1814 fiat,
1163 1744 1248 1815 atque

186 1830 318 1897 iuncis
338 1834 443 1913 portio
461 1830 581 1897 Christi
599 1834 640 1897 ad
657 1834 861 1925 ignominiam
878 1836 1130 1915 servitutemque
1145 1857 1248 1919 perve-

186 1934 268 1997 niat.
314 1930 516 2015 Quapropter
531 1956 695 1999 monemus
710 1939 778 2021 ¹⁴),
801 1938 853 2017 qui
870 1933 1012 2000 ecclesiis
1030 1946 1201 2019 praesunt,
1219 1946 1251 2013 ot

187 2033 272 2099 ultra
292 2034 371 2099 talia
384 2036 455 2100 'uon
477 2045 695 2118 praesumant,
718 2037 775 2100 sed
792 2036 992 2101 hortantum
1010 2040 1043 2101 in
1060 2042 1251 2105 monasterio

188 2136 251 2203 sibi
266 2137 491 2227 vindicent1⁵)
508 2140 705 2219 sacerdotes,
727 2140 810 2220 qnod
826 2141 1021 2225 praecipiunt
1043 2163 1202 2223 canonas,
1222 2144 1251 2209 id

188 2246 254 2319 cst,
282 2238 323 2302 ad
350 2226 622 2305 conversationem
646 2251 789 2305 sanctam
808 2226 1016 2321 praemonere
1030 2244 1083 2325 ¹⁸)
1112 2244 1250 2325 abbatae,

190 2338 314 2421 aliaque
339 2338 444 2405 officia
471 2345 678 2423 constituere,
705 2349 799 2423 atque
822 2350 912 2408 extra
932 2342 1074 2428 regulam
1103 2346 1251 2435 factast)

190 2446 349 2527 corrigere
362 2445 424 2528 ¹⁸).
468 2441 592 2518 Quodsi
614 2443 712 2529 aliqui
732 2446 767 2509 in
783 2444 947 2509 monacbis
965 2446 1144 2513 canonibus
1160 2452 1252 2513 inter·

189 2544 309 2609 dictum
325 2548 582 2625 praesumserint,
601 2555 656 2609 ant
672 2568 822 2627 usurpare
840 2549 998 2627 quippiam
1016 2548 1056 2612 da
1070 2552 1252 2615 monasterii

189 2646 284 2710 rebus
304 2649 512 2735 tentaverint,
534 2669 597 2711 non
621 2648 722 2712 deerit
744 2648 783 2711 ab
806 2647 869 2713 illis
890 2652 1048 2714 sententia
1071 2674 1252 2717 excommn-

189 2750 376 2829 nicationis,
415 2750 468 2831 qui
502 2770 537 2813 se
571 2750 717 2830 deinceps
751 2771 947 2831 nequaquam
986 2751 1183 2821 subtulerint
1215 2754 1250 2819 ab

189 2846 319 2913 illicitis.

71 3121 181 3171 asoa
191 3102 229 3169 C·
250 3102 306 3179 VI·
348 3104 403 3175 De
418 3106 483 3189 lsi,
505 3130 581 3197 quos
594 3120 748 3197 parentes
763 3106 803 3176 ab
821 3114 967 3193 absentio
987 3112 1166 3181 aarum
1182 3112 1248 3195 offi-

215 3215 265 3281 cio
280 3218 517 3297 flammarent,
536 3220 567 3277 ss·
576 3223 692 3297 posteo
708 3213 902 3279 voluntates
919 3214 1058 3281 doleant
1077 3216 1222 3285 sadada

336 3346 395 3411 Ex
413 3347 588 3413 Concilio
607 3346 813 3429 Toletano,
832 3372 909 3430 cap.
930 3348 1108 3439 CXIXJ)
1127 3404 1133 3415 .

272 3464 325 3530 Da
351 3466 415 3547 bis,
446 3488 525 3548 quos
550 3466 698 3532 voluntas
725 3476 888 3548 parentum
915 3492 935 3533 a
960 3469 1071 3549 primis
1103 3472 1248 3537 infantiae
1276 3408 1282 3499 Ι

189 3569 280 3646 annis
301 3568 413 3643 divinis
434 3570 616 3635 ministeriis
640 3571 821 3651 tradiderit,
842 3572 877 3635 id
894 3573 1063 3637 statuimus
1082 3574 1247 3639 observor·
1274 3517 1284 3649 l

257 3845 286 3891 c.
302 3844 333 3890 V.
368 3844 394 3903 e)
411 3843 613 3892 Habeantdd.

258 3911 285 3957 G.
303 3911 345 3958 VI.
380 3910 403 3971 t)
420 3911 519 3961 concil.
537 3910 620 3959 Tolet.
639 3910 683 3971 II.,
699 3908 757 3956 hab.
776 3920 836 3954 ann.
855 3906 926 3968 III„
944 3918 967 3953 c.
982 3906 1006 3951 1.
1019 3929 1055 3939 -
1068 3906 1194 3953 etnam.
1208 3904 1248 3961 tt,

189 3977 255 4030 nist.
264 3978 382 4027 XXVIII.
392 3993 415 4026 c.
426 3983 450 4028 t.

233 4130 266 4189 G.
295 4129 332 4190 V.
366 4134 418 4203 13)
446 4132 600 4189 cantitata:
626 4128 702 4205 orig.
746 4125 816 4185 ibid.
843 4126 897 4203 17)
916 4135 1004 4184 octo:
1022 4124 1100 4201 orig.
1126 4130 1179 4197 18)
1197 4120 1248 4183 col-

191 4220 243 4288 14)
263 4234 330 4275 eos.-
350 4214 416 4273 add.
434 4212 505 4272 ibid.
551 4216 603 4285 15)
623 4214 700 4271 iudi-
744 4213 859 4289 legere:
877 4210 967 4269 Paris.

192 4309 279 4359 cest.-
297 4298 388 4359 Paris.
434 4298 488 4379 16)
496 4316 698 4376 praeponere.-
