2594 4898
219 292 230 319 ·
314 309 390 387 cap.
411 303 876 371 conexum-occurris.
1063 311 1130 374 roo

303 472 341 536 C.
361 470 635 538 ccccxuvssl.
679 472 733 537 De
749 476 884 538 clerico.
1138 495 1187 540 sur
1284 566 1292 583 Ι

448 609 507 671 Ex
542 608 736 692 eodeni).

146 728 265 794 Clerici
285 749 380 806 vero,
407 729 434 791 si
458 727 498 790 ab
522 727 699 790 huiusmodi
723 727 902 793 bominibus
921 730 963 793 ad
981 730 1128 794 ordinan-

55 833 133 896 dum
152 830 339 911 offeruntur,
358 831 469 893 instrui
488 828 614 908 debent,
633 837 668 892 ut
686 829 725 892 ad
745 831 919 910 episcopos,
940 852 983 893 ex
998 853 1128 911 quornm

58 932 223 1014 parochiis
242 933 337 994 sumti
354 938 442 1009 sunt,
471 952 526 994 eos
544 933 722 1010 remittant,
745 941 778 994 et
796 939 849 994 aut
867 932 913 994 ibi
930 934 1126 1012 ordinentur,

57 1042 115 1097 aut
137 1031 249 1095 literas
272 1035 440 1095 canonicas
464 1031 503 1094 ab
527 1033 690 1112 episcopo,
718 1054 760 1095 ex
779 1034 867 1096 cuius
886 1022 1026 1098 dioecesi
1043 1044 1127 1113 sunt,

58 1135 222 1217 perferant
235 1137 325 1217 696),
344 1135 427 1196 sicut
444 1135 597 1219 canonica
615 1132 708 1196 docet
725 1137 908 1199 auctoritas
1035 1138 1038 1145 “

89 1302 130 1368 C.
151 1299 391 1367 CCCCXLIX.
435 1301 585 1367 Nicaenu
606 1304 739 1385 cynoduc
757 1304 839 1367 dunc
857 1305 995 1369 ordinem
1012 1312 1100 1371 inter
1137 1321 1187 1367 ser

148 1412 305 1490 episcopor
322 1412 357 1469 in
366 1406 533 1486 faciendis
556 1408 697 1488 epistolis
715 1407 1044 1472 commanducare

497 1508 691 1592 inscrtum).

151 1643 276 1706 Graeca
297 1642 453 1707 elementa
478 1641 641 1706 literamm
664 1664 811 1708 numeros
835 1647 931 1708 etiam
953 1647 1129 1726 exprimere

60 1743 182 1824 nullus,
210 1746 263 1826 qui
288 1743 339 1807 vel
365 1747 504 1808 tenuiter
526 1744 641 1808 Graeci
667 1748 823 1810 sermonis
849 1749 995 1810 notitiam
1021 1747 1129 1826 babet,

61 1850 200 1932 ignorat.
248 1844 299 1909 Ne
326 1847 423 1930 igitur
444 1848 476 1908 in
499 1846 653 1908 faciendis
680 1845 820 1926 epistolis
848 1851 1025 1928 canonicis,
1053 1869 1130 1929 quus

62 1969 133 2011 mos
169 1948 303 2011 Latinus
341 1948 493 2010 formatas
528 1945 683 2027 appellat,
720 1948 825 2029 aliquo
860 1951 947 2013 fraus
982 1949 1129 2014 falsitatis

62 2056 184 2113 temere
205 2060 472 2128 praesumeretur,
499 2048 560 2112 boc
578 2072 598 2111 a
614 2049 756 2129 patribus
775 2048 989 2115 CCCXVlll.
1007 2050 1130 2115 Niceae

65 2152 244 2214 constitutis
263 2149 468 2213 saluberrime
482 2153 644 2212 inventum
663 2159 760 2214 estet
777 2156 999 2231 constitutum,
1016 2160 1053 2217 ut
1065 2153 1131 2215 for·

64 2260 171 2315 mutae
198 2250 352 2332 epistolae
377 2250 458 2313 hanc
489 2248 707 2314 calculationis
733 2274 790 2313 seu
816 2255 1046 2333 supputationis
1072 2252 1131 2316 ba·

62 2354 163 2416 beant
187 2355 360 2432 rationem,
388 2353 421 2416 id
443 2361 502 2432 est,
531 2359 565 2414 ut
591 2361 794 2416 assumantur
820 2356 853 2416 in
879 2355 1131 2434 supputationem

63 2458 168 2536 prima
190 2454 312 2518 Graeca
340 2452 496 2517 elementa
519 2453 623 2516 Patris
650 2462 682 2517 et
699 2453 773 2517 Filii
800 2463 833 2518 et
855 2455 989 2537 Spiritus
1017 2456 1130 2534 sancti,

63 2557 98 2618 id
116 2564 175 2634 est,
192 2557 240 2632 H,
266 2558 301 2632 Y,
320 2555 366 2632 A,
386 2578 464 2636 quae
483 2554 639 2618 elementa
657 2559 903 2641 octogenarium,
922 2558 1132 2642 quadringen-

64 2660 212 2720 tesimum
225 2660 298 2740 691)
322 2667 356 2721 et
375 2660 511 2737 primum
528 2656 710 2741 significant
728 2680 903 2722 numerum.
948 2657 1036 2722 Petri
1054 2678 1132 2739 quo-

66 2781 127 2840 que
158 2757 294 2838 apostoli
323 2761 424 2839 prima
448 2759 557 2838 litera,
588 2760 620 2821 id
648 2767 711 2838 est,
738 2761 791 2837 H,
820 2763 872 2841 qui
898 2782 1044 2824 numeros
1058 2760 1131 2842 ⁶⁹⁸)

65 2861 231 2946 octoginta
252 2859 425 2944 significan
453 2863 535 2939 eius,
563 2864 614 2941 qui
636 2861 746 2924 scribit
768 2862 949 2942 epistolam,
975 2865 1076 2942 prima
1092 2859 1133 2925 li·

67 2970 153 3036 tera3
184 2964 234 3025 cui
260 2963 421 3042 scribitur,
453 2963 605 3036 secunda3
637 2965 820 3043 accipientis
852 2966 961 3038 tertia3
995 2963 1133 3027 civitati!

68 3086 207 3144 quoque,
225 3065 265 3126 de
283 3086 344 3145 qua
361 3063 522 3142 scribitur,
550 3072 675 3144 quarta,
702 3073 735 3127 et
752 3052 949 3149 indictionis,
977 3087 1134 3144 quaecun-
1196 3082 1198 3087 ’

68 3187 129 3246 que
148 3148 198 3229 est
215 3164 301 3228 illius
318 3167 482 3246 temporis,
501 3186 650 3232 numerus
668 3172 856 3228 assumatru.
900 3165 1004 3244 Atque
1021 3168 1067 3230 ita
1084 3165 1133 3227 bis

67 3267 214 3331 omnibus
231 3266 331 3351 literis
350 3266 497 3347 Graecis,
517 3286 612 3347 quae,
635 3274 670 3328 ut
688 3266 839 3343 diximus,
863 3254 1011 3329 numeros
1030 3266 1135 3345 expri-

67 3375 172 3447 munt,
198 3371 232 3431 in
253 3391 349 3430 unum
367 3367 483 3447 ductis,
509 3389 621 3446 unam,
649 3387 852 3446 quaecunque
871 3365 1005 3428 collecta
1026 3366 1134 3445 fucrit,

66 3490 222 3532 summurn
249 3466 384 3550 epistola
409 3477 529 3535 teneat.
580 3467 687 3531 Addat
712 3474 879 3547 praetcrea
905 3468 1076 3546 separatim
1100 3467 1135 3530 in

67 3569 204 3651 epistola
221 3574 318 3635 etiam
336 3574 587 3656 nonagenarium
609 3577 642 3634 et
663 3591 781 3632 nonum
802 3590 981 3646 numerum,
1012 3569 1063 3648 qul
1084 3589 1135 3631 so-

63 3701 283 3718 pun——

137 3763 165 3810 c.
184 3762 380 3821 CCCCXLVIH.
416 3764 514 3825 nunu

138 3831 166 3876 c.
185 3831 359 3879 ccchLlX.
394 3833 420 3893 z)
434 3833 516 3891 Epist.
535 3831 644 3878 formata
653 3830 740 3877 Attico
757 3829 878 3888 episcopo
898 3828 1138 3888 constantinopoli.

67 3900 130 3946 tarro
148 3897 288 3957 adscripta.
304 3924 340 3933 -
357 3901 422 3948 coll.
440 3900 521 3948 Dscb.
539 3901 583 3944 111.
603 3900 661 3946 158.
679 3897 771 3959 (tour).
789 3923 821 3933 -
843 3898 920 3946 Dect.
937 3898 979 3945 Vl.
999 3897 1058 3945 433.
1075 3896 1136 3960 (R),

67 3967 130 4013 Ans.
137 3967 182 4014 Vl.
192 3968 251 4015 122.
258 3991 294 4001 -
310 3968 378 4016 Birt.
386 3969 502 4015 nxxffl.
512 3981 626 4026 prooem.

112 4082 146 4141 c.
171 4083 403 4147 ccccxuvm.
440 4089 514 4156 oco)
529 4080 583 4162 se·
670 4084 703 4143 0·
728 4081 929 4143 ccccxmx.
962 4085 1036 4155 69⁷)
1065 4099 1137 4160 rue

69 4177 165 4227 rant:
196 4167 319 4249 Guelpb.
339 4169 459 4230 llelmst.
478 4169 582 4230 Vienn.
628 4170 919 4247 drrbgentencrr'um:
940 4166 1061 4227 llelrnrt.
1073 4164 1136 4224 Bal.

69 4250 132 4312 Bal.
629 4256 702 4325 698)
721 4272 875 4314 numerus:
897 4249 966 4311 ibid.
