2594 4898
99 393 153 438 ιιι
384 367 635 456 PRAEFATIO
656 369 874 431 EDITOlilS.
936 375 945 380 '
1040 428 1053 457 ι

102 563 173 608 cnm
185 561 289 622 usque
303 538 344 603 ad
353 539 541 624 Gregorium
550 537 592 602 11.
603 536 827 617 decretalibus,
846 538 967 618 quaein
977 543 1112 617 quatuor
1120 537 1170 603 bis

103 645 217 709 desunt
234 640 489 721 collectionibus,
511 662 614 720 neque
632 662 726 720 vero,
748 641 831 704 unde
850 662 904 719 ea,
927 641 1009 703 sicut
1025 645 1058 704 et
1074 642 1171 704 ruris·

25 810 28 815 .
102 749 184 811 sima
214 744 451 808 Pseudoisidori
472 744 592 833 capitu,
628 743 816 807 derumscrit
837 740 979 827 Regino,
1014 743 1171 826 indagare

102 847 181 913 mihi
203 849 349 930 contigit3
373 844 519 910 collectio
543 851 644 924 certe,
668 867 748 925 quae
771 845 883 907 dicitur
903 843 1056 909 Anselmo
1083 844 1171 906 dedi-

40 1028 47 1042 ,
103 958 190 1030 cata,
214 971 401 1030 quamquam
417 970 481 1011 non
499 946 744 1028 puucefillorum
762 947 895 1011 exhibet
910 946 1170 1030 fragmentorum,

102 1075 159 1135 pro
189 1054 280 1116 fonte
301 1050 449 1114 habenda
475 1072 537 1113 non
570 1057 632 1128 est,
657 1071 766 1131 quum,
794 1070 875 1130 quae
900 1048 991 1112 huius
1017 1055 1092 1112 sunt
1115 1070 1171 1127 pc·

32 1219 34 1223 ,
104 1154 236 1219 culiuria
258 1160 301 1233 (e.
320 1174 367 1237 g.,
387 1152 471 1232 quod
489 1151 615 1215 Statutu
633 1150 709 1215 eccl.
730 1160 794 1215 unt.
818 1151 871 1214 vel
890 1170 1027 1214 canones
1046 1149 1172 1213 concilii

105 1255 256 1341 Carthug.
275 1254 334 1319 IV.
353 1254 447 1339 vulgo
466 1257 513 1318 sic
531 1255 608 1318 dicti
625 1276 749 1334 semper
767 1251 959 1336 allegantur:
982 1250 1041 1316 Ex
1062 1250 1172 1317 Conci·

104 1362 149 1424 ou
165 1359 236 1423 tab.
256 1358 352 1443 opud.
378 1356 556 1433 Valentior)
581 1357 663 1436 apud
684 1363 827 1420 nostrum
845 1354 949 1418 desint
965 1354 1172 1438 Reginonenr.

104 1461 225 1545 (Beitr.
237 1482 272 1545 p.
287 1461 355 1530 11.)
372 1457 465 1523 Haec
484 1460 523 1522 de
540 1461 640 1538 primo
655 1459 792 1538 capitum
805 1479 936 1542 genere,
954 1456 1077 1520 scilicet
1090 1458 1173 1537 quod

104 1567 242 1644 p‘crtinet
261 1561 301 1625 sd
319 1583 456 1625 canones
476 1569 509 1625 et
526 1559 717 1641 decretales,
742 1567 817 1641 quot
834 1567 867 1623 et
885 1558 991 1639 quales
1007 1558 1173 1623 Hadriana

105 1672 139 1729 et
154 1663 299 1744 Hispana
316 1666 526 1726 continentur.

191 1765 234 1829 H.
256 1766 338 1829 Loci
359 1787 403 1828 ex
425 1768 625 1844 antiquorum
646 1772 768 1849 patrum
792 1763 1080 1829 ecclesiasticorum
1098 1768 1174 1829 scri-

103 1852 182 1952 ptis,
201 1866 354 1931 nonnulla
372 1890 415 1931 ex
433 1867 598 1931 Benedicti
615 1867 739 1951 regula,
760 1875 853 1948 utque
876 1889 920 1931 ex
937 1867 1083 1947 operibus
1096 1867 1173 1931 Arn-
1211 1903 1215 1908 ·

104 1970 220 2061 brosii,
243 1969 433 2052 Hieronymi
454 1978 487 2033 et
501 1970 529 2034 F
532 1971 658 2033 errandi
679 1972 707 2033 si
730 1973 891 2051 exceperis
913 1971 1106 2055 fragmenta,
1131 1990 1174 2033 ex

108 2071 265 2139 Vaticana
283 2073 416 2136 desumti
433 2081 516 2137 sunt.

192 2174 250 2238 Ill.
281 2172 428 2238 Canones
455 2177 666 2238 recentiorum
692 2175 908 2239 conciliorum·
925 2175 1115 2241 Germaniae
1142 2183 1175 2239 et

107 2275 232 2343 Galliae
241 2279 285 2361 1),
313 2267 393 2356 {puae
418 2277 608 2341 uberrimam
634 2276 791 2361 Reginoni
817 2279 972 2342 dederunt
996 2280 1173 2358 materiam,

105 2380 173 2445 fere
198 2381 327 2443 omnino
350 2400 395 2441 ex
421 2379 553 2462 siugulis
580 2378 773 2464 singulorum
800 2379 905 2442 hausti
932 2401 1002 2442 esse
1028 2381 1174 2442 videntur

107 2482 304 2546 documentis
310 2527 320 2560 ,
345 2503 444 2561 seque
463 2504 501 2544 ac
518 2483 696 2564 fragmenta
713 2503 756 2544 ex
775 2479 983 2545 decretalibus
1001 2478 1173 2556 Nicolai13

106 2584 230 2649 fontem
250 2604 343 2661 vcro,
367 2604 411 2645 ex
435 2604 495 2662 quo
517 2601 656 2645 canones
678 2580 948 2661 Wcrmatienses,
975 2584 1092 2661 scripta
1113 2582 1175 2646 Ra-

105 2676 182 2750 bani
208 2690 242 2746 et
268 2682 406 2763 capitula
430 2683 598 2747 Hincmari
628 2684 800 2764 depromsit
825 2683 965 2768 Regino,
995 2687 1028 2747 in
1057 2683 1175 2749 Codice

107 2785 267 2865 Darmst.,
285 2785 363 2849 olim
382 2783 494 2849 Colon.
513 2809 598 2850 num.
619 2793 691 2851 118.
714 2791 769 2871 (4⁰
787 2809 853 2852 sec.
872 2787 931 2865 X.)
955 2789 1062 2877 inueni
1080 2781 1174 2851 et'in:

107 2886 213 2953 Bectr.
226 2909 265 2972 p.
281 2892 334 2950 13.
354 2888 440 2969 seqq.
460 2889 619 2969 descripsi.
687 2971 696 2978 ι

93 3071 96 3076 ¹
141 3006 145 3013 ·
193 2987 252 3052 lv.
278 2988 472 3069 Capitularia
494 3008 604 3078 regum
621 2992 815 3057 Francorum
832 3000 897 3057 tum
917 3015 960 3056 ex
976 2992 1127 3078 Ansegisi
1145 3001 1176 3055 et

106 3090 271 3156 Benedicti
298 3092 457 3177 operibus,
485 3115 576 3174 quam
604 3117 649 3160 ex
674 3097 745 3158 aliis
768 3097 921 3158 eiusmodi
943 3097 1078 3174 repetitu
1103 3103 1176 3158 sunt

108 3181 397 3274 compilationibus,
417 3195 525 3276 quales
542 3197 637 3261 Pertz
654 3200 687 3260 in
706 3196 850 3287 Menum,
866 3197 974 3260 Germ.
992 3197 1066 3260 hist.
1082 3170 1211 3260 Tum„

108 3295 169 3360 Ill.
187 3297 288 3375 praef.
307 3296 420 3360 multas
440 3308 604 3363 enumerat
622 3297 745 3381 (Bertr.
758 3319 795 3382 p·
815 3300 896 3379 lb).

193 3397 236 3461 V.
268 3399 531 3486 Fragmentorum
558 3425 601 3466 ex
627 3404 694 3464 iure
716 3399 861 3476 Romano
884 3401 956 3465 fons
978 3399 1174 3465 Breviarium

108 3506 159 3565 ast
173 3500 388 3565 Alaricianum
412 3503 531 3584 (Beitr.
546 3526 581 3587 p.
602 3507 680 3585 lb).

195 3599 254 3663 VI.
279 3600 428 3667 canones
446 3603 688 3681 poenitentiales
710 3612 777 3668 tum
801 3627 841 3669 er
859 3605 1031 3684 Vaticana,
1050 3612 1117 3668 turn
1136 3628 1176 3669 ex

108 3699 284 3785 Halitgarii
302 3701 508 3781 collectione,
527 3712 592 3767 tum
611 3726 653 3767 ex
671 3703 795 3769 Rabani
814 3706 976 3786 operibus,
1000 3714 1065 3769 tum
1090 3710 1177 3771 deni·

54 3884 64 3901 .
109 3825 170 3885 quo
196 3824 240 3867 ex
264 3801 346 3866 libro
373 3805 593 3884 poenitentiali
621 3807 755 3872 desumti
780 3808 868 3886 sunt,
904 3831 996 3889 quem
1027 3831 1069 3872 ex
1098 3807 1175 3872 cod.

108 3904 249 3970 Darmst.
264 3907 359 3969 modo
374 3906 457 3970 laud.
468 3913 616 3990 nuper⁸*)
630 3910 748 3990 publici
763 3913 841 3974 iuris
854 3912 926 3975 feci.
942 3911 1062 3994 (Reor.
1063 3917 1159 3995 pald.
1162 3916 1176 3987 )

178 4092 205 4157 *)
215 4098 334 4156 Inprimis
344 4099 394 4145 huc
404 4099 544 4159 pertinent:
556 4101 833 4163 Concil.Nunneteuse,
843 4106 1039 4165 Rotomngense,
1050 4105 1147 4152 Toron.
1159 4107 1177 4151 1.

112 4169 138 4214 ct
147 4166 191 4226 ll,
205 4167 321 4226 Mcgnnt.
331 4180 391 4215 ann.
402 4169 464 4228 813,
479 4171 542 4231 841,
556 4172 618 4230 852,
633 4173 894 4232 henrimannum,
907 4172 1040 4220 Meldcnrc
1049 4187 1109 4222 snu.
1120 4175 1178 4234 845,

112 4235 240 4283 Worunct.
249 4249 309 4282 sun.
320 4236 383 4297 868,
394 4237 494 4286 Tribur.
504 4252 563 4288 ann.
573 4241 631 4288 895.
641 4235 740 4304 (Beitr.
745 4255 773 4305 p.
783 4242 825 4289 12.
837 4240 929 4301 sequ).

179 4332 223 4402 **)
241 4337 325 4386 Beier.
330 4353 358 4400 p.
369 4341 427 4388 12⁶.
437 4353 506 4400 seqq.
