2594 4898
183 365 258 431 sua
428 344 1018 445 nruruomnarsuuunnua
1180 359 1182 362 ’
1258 39 1278 521 l

184 535 324 613 ciuntur,
352 532 427 613 quia
447 539 556 611 patres
575 534 821 611 persequuntur,
844 529 1013 609 quonian,
1041 528 1074 593 ai
1093 547 1150 593 nra
1163 525 1239 608 loqui
1286 523 1293 588 l

184 635 231 699 eis
251 633 342 714 licet,
365 632 477 715 quibua
494 634 642 705 doctores
658 633 789 711 summi,
811 650 891 713 quos
908 632 1081 714 episcopos
1096 648 1241 710 vocamus,

182 745 313 819 propter
332 756 445 801 eornm
464 735 587 801 seelera
607 736 835 814 adversantur,
857 740 975 815 quanto
993 736 1105 819 magia
1125 737 1184 811 sir,
1198 736 1243 815 qui

185 861 240 905 coa
265 840 433 918 infestant,
460 862 520 904 uec
546 839 805 904 consentiendum
826 844 877 902 est
898 835 1190 919 conloquendum,
1210 858 1244 903 nr
1289 867 1293 930 p

183 945 351 1024 participes
378 964 489 1007 eorum
513 944 714 1006 Inveniuntur
737 939 928 1018 sceleribus²
951 943 1029 1021 qnia
1055 962 1125 1006 nou
1145 939 1245 1018 aulum,
1291 992 1293 1031 χ

186 1048 239 1125 qui
254 1045 384 1123 faciunt,
401 1045 470 1122 sed,
487 1047 540 1126 qui
558 1047 759 1109 consentiunt
770 1043 974 1122 facientibus,
991 1044 1045 1106 rei
1057 1051 1145 1109 sunt.
1165 1042 1249 1109 Unde

186 1154 219 1211 et
235 1147 346 1212 beatus
363 1149 508 1228 princeps
526 1145 742 1228 apostolorum
754 1145 869 1211 Petrum
885 1148 920 1209 iu
936 1147 1145 1211 ordlnatione
1156 1148 1249 1211 aaucb‘

184 1250 437 1329 praedecessoris
464 1253 566 1314 nostri
583 1248 757 1313 Clementia
779 1252 937 1313 instruens
961 1246 1088 1313 clerum
1110 1257 1144 1313 et
1163 1270 1250 1331 popu·

185 1350 252 1415 lum
268 1354 327 1415 ait:
346 1351 382 1415 Si
398 1354 544 1417 Inimicus
560 1353 657 1417 luerit
674 1350 824 1416 Clemens
845 1350 939 1415 alicui
956 1372 1016 1431 pro
1037 1352 1167 1416 acthua
1181 1353 1250 1430 nris,

185 1475 243 1517 vos
265 1452 367 1517 nolite
391 1461 597 1534 exspectare,
617 1463 654 1518 ut
670 1456 738 1534 ipse
755 1454 850 1519 'vobis
864 1455 965 1527 dican
985 1476 1068 1519 cum
1085 1453 1144 1519 illo
1161 1452 1251 1519 nolite

185 1558 280 1619 amici
299 1577 387 1637 ense,
413 1556 473 1621 aed
492 1556 664 1636 prudenter
684 1556 1013 1634 observaradebetis,
1043 1563 1080 1621 et
1103 1556 1252 1622 voluntati

186 1660 254 1723 eiua
275 1656 394 1739 absque
418 1661 674 1724 commutatione·
685 1658 903 1723 obsecundare
923 1666 958 1723 et
974 1666 1130 1725 avermra
1145 1681 1203 1725 vua
1217 1658 1250 1723 ab

187 1781 243 1839 eo,
264 1762 317 1825 uui
330 1763 434 1842 ipsum
451 1763 577 1829 secutis
593 1761 776 1842 adversum,
797 1763 857 1827 sad
872 1780 932 1826 nec
948 1759 1040 1841 loqui
1061 1761 1131 1843 bia,
1153 1761 1250 1845 quiue
1281 1738 1286 1861 l

185 1864 255 1942 ipse
276 1861 516 1943 conloquitur,
538 1865 578 1927 ut
593 1867 824 1946 uuusquisque,
844 1866 899 1946 qui
918 1866 952 1929 in
974 1862 1074 1947 culpa
1095 1872 1165 1947 est,
1189 1866 1250 1929 dnn

187 1967 273 2045 cupit
295 1967 434 2051 omnium
455 1971 597 2028 vestrum
619 1968 774 2030 amicitias
800 1967 900 2046 ferre,
926 1967 1065 2053 {estiuet
1093 1969 1187 2031 citius
1210 1988 1249 2031 ru

187 2065 351 2131 conciliari
372 2068 418 2146 ei,
446 2066 499 2148 qui
521 2067 666 2132 omnibus
688 2074 831 2150 praeest,
858 2077 892 2132 et
911 2088 969 2150 pru
990 2067 1059 2132 hoc
1079 2071 1196 2134 redeat
1218 2068 1249 2133 ad

186 2171 337 2247 salutem,
368 2188 440 2234 cum
469 2170 599 2234 obedire
625 2173 765 2251 coeperit
789 2173 918 2237 monitis
947 2173 1176 2251 praesidentis.
1224 2170 1249 2234 Si

187 2277 256 2354 quis
278 2294 354 2337 vero
376 2275 495 2337 amicus
517 2272 614 2337 luerit
630 2273 697 2353 bis,
720 2273 833 2354 quibus
851 2276 971 2339 amicus
986 2295 1057 2339 uon
1074 2283 1144 2355 est,
1166 2282 1201 2340 et
1213 2272 1251 2338 lu·

187 2386 279 2441 cutus
295 2377 392 2439 fuerit
408 2374 473 2453 bis,
498 2375 608 2455 quibus
629 2377 698 2456 ipae
716 2398 780 2441 non
797 2374 951 2456 loquitur,
972 2397 1057 2441 uuus
1075 2385 1129 2441 est
1146 2384 1180 2443 et
1194 2379 1250 2458 ipse
1281 2334 1287 2465 l

187 2501 232 2542 ex
248 2478 329 2557 illis,
349 2480 401 2558 qui
417 2479 632 2540 exterminare
641 2476 705 2541 Dei
723 2477 892 2542 ecclesiam
908 2476 1037 2558 volunt,
1057 2491 1178 2544 etcum
1191 2500 1251 2545 cor·
1281 2488 1287 2605 Ι

186 2589 264 2660 por'e
289 2579 453 2645 vobiscum
479 2600 549 2643 esse
571 2581 729 2660 videatur,
757 2587 864 2644 mente
886 2586 919 2644 et
940 2578 1048 2643 animo
1071 2594 1187 2646 contra
1203 2602 1250 2645 vos

187 2692 253 2762 est,
281 2691 314 2747 et
340 2691 389 2746 est
414 2681 514 2747 multo
540 2684 673 2764 nequior
690 2681 793 2748 hostis
810 2683 878 2763 bic,
905 2703 998 2763 quam
1014 2681 1081 2763 illi,
1106 2687 1162 2766 qui
1181 2685 1251 2748 foris

187 2792 260 2848 sunt
281 2791 314 2849 et
335 2786 500 2849 evidenter
520 2786 640 2849 inimici
659 2793 745 2849 sunt.
788 2784 851 2851 Hie
870 2786 955 2849 euim
971 2807 1029 2866 per
1050 2790 1253 2852 amicitiarum

187 2886 341 2965 speciem,
361 2907 441 2967 quae
458 2888 587 2953 inimica
603 2895 693 2969 sunt,
714 2890 798 2973 gerit
815 2895 848 2953 et
865 2887 1034 2953 ecelesiam
1051 2889 1207 2975 dispergit
1220 2909 1252 2952 ac

187 2993 303 3051 vastat.

607 3228 645 3293 C.
667 3226 793 3294 XLIII.
809 3230 838 3314 ¹)
1285 3248 1290 3349 p

274 3399 310 3464 Si
323 3398 584 3480 metropolitauus
601 3422 621 3462 a
638 3423 823 3482 quocunque
837 3401 1097 3482 comprovinciali
1110 3406 1252 3485 episcopo

187 3500 237 3565 bis
254 3501 350 3566 fuerit
367 3505 399 3565 in
417 3525 513 3565 canusa
529 3505 657 3582 propria
674 3503 867 3584 appellatus,
889 3511 922 3567 et
940 3525 1011 3567 eum
1029 3506 1146 3571 audire
1163 3509 1254 3571 distu-

186 3601 275 3684 lerit,
299 3606 500 3684 in‘proxima
521 3605 646 3686 synodo
668 3609 789 3689 negotii
810 3608 860 3669 sui
882 3604 1000 3669 babeat
1015 3604 1186 3673 licentiam
1201 3628 1254 3671 ex-

187 3709 332 3785 erceam,
356 3715 388 3769 et
411 3708 559 3787 quidquid
581 3716 710 3787 propter
732 3710 885 3772 iustitiam
902 3730 922 3770 a
940 3710 1253 3790 comprovincialibus
1286 3690 1293 3811 Ι

187 3809 252 3870 suis
270 3807 366 3871 luerit
383 3817 550 3889 statutum,
570 3808 664 3873 debet
681 3811 843 3874 custodiri.
1286 3846 1292 3937 Ι

256 4068 284 4115 C.
301 4066 390 4115 xum.
426 4066 451 4128 s)
471 4071 549 4116 conc.
564 4069 705 4130 Aurelv„
722 4067 932 4129 hub.ann.549.,
950 4070 1254 4122 alte-Burrum&
1287 4008 1291 4091 l

188 4127 263 4195 (Reg.
272 4137 327 4197 a),
341 4138 417 4184 Decr.
427 4140 457 4186 V.
468 4140 526 4184 169.
535 4133 599 4201 (R),
619 4139 645 4182 G.
656 4140 697 4186 v1.
708 4153 730 4197 q.
741 4141 765 4185 4.
782 4154 803 4185 c.
813 4141 850 4199 4.,
869 4153 949 4187 cmm:
969 4134 1016 4186 Ex
1030 4139 1101 4189 decr.
1112 4140 1255 4189 Alexandri
1285 4182 1289 4211 1

188 4203 219 4251 P.
224 4217 237 4263 ;
257 4218 336 4252 rausa
354 4205 436 4252 falsae
454 4206 530 4252 huius
548 4204 725 4265 inscriptionis
744 4211 785 4255 est
802 4208 959 4255 antecedens
976 4207 1003 4255 in
1021 4207 1149 4271 bacApp.
1167 4216 1251 4271 caput;

188 4271 280 4319 Bnrcb.
293 4272 374 4332 enlm,
392 4286 472 4330 quum
486 4273 568 4321 nostri
583 4274 675 4332 eapitis
689 4276 775 4323 nullus
786 4272 913 4338 allegatur
922 4277 1077 4339 esrmluur,
1087 4278 1182 4340 eidem,
1192 4290 1251 4339 quae

185 4341 363 4405 antecedebat,
373 4340 496 4391 decretali
503 4341 646 4393 Alexandri
655 4344 1010 4405 tribuendumcsacputnbat.
1284 4314 1291 4371 Ι

1282 4440 1291 4519 l
