2594 4898
436 342 793 448 nmmum.
1126 350 1170 412 ss

98 534 196 590 nare,
220 511 269 574 ibi
295 513 572 576 commessationes
600 519 633 577 et
658 512 830 578 ebrietates
855 511 950 594 fiant,
976 513 1019 577 ibi
1042 517 1122 579 risus
1141 525 1173 582 et

99 615 233 695 plausus
257 619 289 676 et
313 612 414 676 verba
434 615 557 693 turpia,
587 615 632 678 ibi
653 618 747 679 rixae
769 623 803 679 et
825 618 1046 680 contentiones
1073 619 1174 682 resul-

100 722 180 780 tent.
227 711 320 788 Quod
340 735 433 794 quam
450 716 492 777 sit
507 713 579 778 Deo
598 720 806 796 contrarium,
825 715 982 781 Dominus
1000 717 1089 783 lesus
1100 721 1171 805 1Η)

102 814 326 894 demonstrat‚'
353 818 424 896 qui,
457 838 527 879 cum
544 820 714 881 invenisset
740 821 773 881 in
801 818 918 901 templo
945 819 1119 883 vendentes
1139 831 1173 885 et

104 927 248 983 ementes
267 924 300 980 et
316 916 541 981 nummularios
560 920 723 1001 sedentes,
750 920 836 985 facto
858 919 1000 983 funiculo
1024 921 1064 984 de
1081 925 1173 986 resti·

103 1020 199 1101 culis,
225 1039 334 1083 omnes
361 1021 455 1082 eiecit
480 1020 520 1082 de
547 1019 676 1100 templo.
725 1021 760 1085 Si
787 1024 871 1085 enim
898 1044 952 1100 ea,
981 1044 1061 1102 quae
1087 1022 1173 1087 licite
1220 1057 1226 1073 ·

103 1122 200 1186 vendi
224 1120 417 1185 videbantur
442 1123 474 1183 in
501 1121 621 1201 templo
649 1123 744 1185 etad
767 1122 828 1186 hoc
855 1122 1057 1202 emebantur,
1084 1127 1173 1188 utin

103 1222 217 1287 eodem
234 1220 352 1301 templo
379 1223 569 1287 offerrentur
590 1221 745 1303 Domino,
771 1227 839 1304 ipse
856 1226 944 1288 foras
961 1227 1071 1305 eiecit,
1099 1226 1173 1307 quid

104 1330 196 1406 putas
223 1322 265 1386 de
290 1330 356 1386 tam
395 1325 545 1403 pestifera
580 1328 815 1405 praesumtione
847 1334 880 1388 et
912 1323 976 1388 Dei
1012 1333 1172 1389 contemtu

105 1424 179 1490 fietl
210 1424 254 1489 Et
279 1427 307 1487 si
332 1445 397 1487 non
423 1425 526 1489 solum
557 1426 789 1504 sacerdotibus,
825 1427 880 1488 sed
908 1428 1003 1490 etiam
1029 1427 1173 1490 omnibus

107 1527 230 1591 clericis
247 1529 454 1607 praecipitur,
473 1514 513 1591 ne
531 1526 680 1590 tabernas
692 1528 764 1609 112)
783 1528 1015 1610 ingrediantur,
1034 1530 1101 1608 quis
1120 1551 1174 1591 au·

107 1629 171 1692 dire
190 1634 312 1707 potest,
330 1635 365 1691 ut
383 1628 535 1692 ecclesiae
553 1627 618 1691 Dei
641 1629 794 1692 tabernae
816 1626 916 1690 fiantt
944 1628 1054 1709 ltaque
1076 1631 1174 1692 inter-

109 1731 183 1793 dicit
200 1752 258 1810 per
275 1732 380 1792 omnia
397 1731 555 1812 synodus,
574 1752 614 1792 ne
632 1728 693 1792 hoc
712 1732 917 1809 inposterum
934 1728 1090 1793 ullatenus
1101 1734 1173 1814 113)
1196 1782 1199 1787 ,

109 1829 173 1895 fiat.
220 1828 365 1905 Quodsi
391 1831 510 1895 factum
536 1832 648 1910 fuerit,
673 1831 842 1913 presbyter
869 1832 1058 1910 deponatur;
1086 1831 1171 1911 laici,

112 1934 328 1995 communione
352 1934 482 2013 privati,
514 1932 554 1996 ab
573 1931 724 2012 ecclesis,
752 1954 845 2014 quam
872 1931 1174 2012 dehonestaverunt,

113 2033 321 2115 expellantur.

115 2284 144 2352 C.
156 2286 253 2352 LIX.
279 2286 414 2352 Interea
425 2308 487 2351 non
500 2298 549 2352 est
562 2291 677 2353 leviter
690 2289 916 2372 coemendum,
930 2290 1013 2375 quod
1024 2288 1178 2353 Dominus

215 2390 333 2471 'dicim
350 2404 469 2471 Domus
486 2429 555 2472 meu
573 2408 679 2471 domos
697 2413 851 2471 orationis
869 2402 958 2490 cart)
973 2407 1055 2490 111).

194 2575 231 2638 Si
250 2578 333 2638 enim
356 2576 466 2639 domus
483 2575 546 2639 Dei
565 2577 718 2638 orationis
741 2575 851 2638 domus
872 2580 1020 2653 vocatur,
1043 2573 1103 2636 hoc
1122 2574 1178 2636 de·

114 2676 164 2741 bet
181 2699 269 2754 esse,
289 2678 371 2756 quod
389 2678 514 2756 dicitur,
534 2699 593 2739 nec
610 2676 654 2745 ibi
672 2676 756 2739 aliud
775 2677 871 2740 debet
887 2678 955 2759 geri
968 2682 1023 2738 aut
1035 2675 1177 2738 recondi.

113 2777 172 2844 Ubi
190 2780 276 2842 eninr
292 2799 404 2857 corpus
421 2776 552 2841 Domini
569 2789 787 2856 consecratur,
810 2778 866 2841 ubi
884 2775 1069 2859 angelorum
1085 2798 1179 2857 prae·

113 2883 214 2944 sentia
231 2900 295 2942 non
314 2879 473 2943 dubitatur
489 2878 612 2956 adesse,
631 2879 685 2942 ubi
701 2891 881 2941 sanctorum
897 2877 1049 2957 reliquiae
1066 2898 1179 2941 recon-

113 2982 195 3046 ditae
214 2988 420 3058 venerantnr,
439 3003 479 3042 ne
497 2980 570 3058 quid
587 2977 789 3043 inhonestum
807 2988 972 3059 appareat,
996 2979 1079 3058 quod
1102 2999 1179 3042 ocu·

112 3080 161 3147 los
179 3082 222 3146 ad
239 3084 416 3145 orationem
433 3083 626 3145 venientium
640 3081 796 3160 offendat,
816 3103 856 3144 na
873 3079 948 3161 quid
965 3078 1010 3142 ibi
1021 3080 1178 3156 videatur,

113 3183 196 3264 qnod
225 3183 266 3246 ad
291 3181 411 3245 lucrum
437 3182 611 3263 temporale
636 3185 809 3262 pertineat,
841 3183 898 3246 sed
925 3183 1031 3245 omnia
1057 3187 1179 3257 sancta,

113 3286 223 3347 omnia
248 3285 380 3362 munda,
408 3290 441 3347 et
462 3285 680 3347 tantummodo
704 3285 745 3346 ad
763 3281 1012 3347 ecclesiasticum
1037 3283 1180 3344 ministe-

113 3387 197 3449 rinm
212 3387 413 3465 pertinentia.

181 3610 213 3659 c.
222 3607 293 3663 Hx.
318 3608 355 3671 ’1)
364 3610 404 3656 De
414 3608 570 3657 fontehuins
580 3610 673 3670 cepitis
682 3608 748 3656 nihil
757 3608 868 3657 constet.
875 3628 911 3645 -
920 3604 1014 3653 Burch.
1023 3605 1065 3653 lll.
1074 3605 1117 3653 811.
1127 3597 1182 3669 (n.)

112 3694 140 3745 es
148 3694 229 3745 Dect.
237 3694 280 3742 111.
290 3694 331 3743 15.
340 3690 406 3760 (B.):
424 3694 470 3742 Ex
481 3696 557 3745 Cone.
569 3696 665 3744 lieren.
675 3710 697 3744 c.
707 3697 731 3744 3.

158 3876 194 3938 0.
210 3876 315 3938 LVlll.
352 3883 426 3953 171)
438 3878 522 3938 deest
539 3900 556 3938 e
574 3878 628 3938 Vr·
672 3881 701 3937 in
721 3877 811 3938 Codd.
832 3877 911 3956 qnasi
930 3874 1079 3954 inscriptio
1093 3874 1182 3933 minio

115 3972 196 4037 enh-3
211 3966 312 4024 Deus:
334 3962 396 4022 Bal.
434 3968 512 4037 172)
528 3965 627 4023 taber-
673 3966 780 4042 scripta
798 3972 878 4035 sunt3
914 3959 989 4041 apud
1017 3960 1078 4018 Bal.
1099 3970 1185 4039 caput

115 4052 185 4109 ns:
231 4044 317 4106 Goth.
380 4054 463 4121 173)
501 4051 630 4108 nullate-
673 4048 852 4107 inscribitur:
888 4051 934 4107 De
961 4048 1074 4105 eodem.
1093 4064 1128 4104 re
1155 4054 1186 4102 st

114 4150 189 4193 m:
213 4130 321 4191 Viena.
349 4130 425 4205 Bal.3
452 4133 482 4191 in
509 4132 630 4212 Guclplr.
674 4144 769 4192 textus
784 4134 845 4212 ipse
860 4132 895 4191 ab
905 4132 949 4190 his
963 4130 1060 4190 verbis
1070 4128 1184 4207 iucipit;

114 4236 135 4277 n
152 4236 233 4278 eres.
674 4219 703 4277 in
722 4218 797 4277 Goll.
817 4218 880 4278 citt.
902 4215 1014 4277 desunt.

157 4300 193 4361 C.
211 4300 292 4363 ΠΧ.
338 4306 411 4378 171)
436 4302 515 4361 llaec
543 4303 632 4363 verbs

970 4396 1017 4459 41
