2594 4898
189 336 258 404 {90
472 334 640 398 REGlNO
658 335 791 396 LlBlili
808 335 978 398 PRIMUS.

190 528 270 572 cono
288 504 411 584 iubeat,
429 512 465 568 ut
482 506 513 567 ei
529 503 655 567 tabulas
672 504 846 568 secundum
862 504 966 588 legem
984 504 1183 590 Romanam,
1202 533 1257 593 qu

189 608 343 673 ecclesiae
368 608 580 692 vivunt⁶¹⁹),
607 606 748 670 scribere
774 607 888 685 faciat,
916 616 948 670 et
970 615 1036 677 tarn
1054 611 1140 690 ipse,
1168 634 1254 693 quan

190 721 223 776 et
245 714 346 774 omnis
364 711 542 789 procreatio
562 710 628 770 eius
646 707 740 770 liberi
757 710 975 789 permaneant,
995 718 1031 774 et
1046 712 1105 775 sub
1125 716 1252 778 tuitione

189 813 342 878 ecclesiae
361 813 547 888 consistant,
567 817 600 872 et
617 831 743 871 omnem
761 810 896 873 reditum
915 819 1016 883 status
1034 815 1083 875 sui
1102 813 1145 877 ad
1160 815 1251 895 eccle·

188 918 269 981 siam
286 911 478 994 persolvant,
502 920 534 975 et
551 932 615 974 uon
633 909 748 987 alicubi
761 914 837 992 68θ)
857 913 918 975 nisi
936 913 975 975 ad
995 912 1178 995 ecclesiam,
1204 916 1249 980 ubi

186 1017 325 1083 relaxati
342 1023 430 1095 sunt,
449 1012 580 1094 mallum
597 1020 737 1076 teneant.
772 1011 858 1077 Etsi
877 1013 994 1095 absque
1012 1013 1122 1080 liberis
1142 1017 1248 1082 discer-

187 1122 300 1200 serint,
319 1116 438 1183 nullum
456 1114 553 1179 alium
571 1117 631 1178 uisi
650 1113 817 1178 ecclesiam
833 1114 1015 1198 relinquant
1032 1116 1195 1183 heredem.

126 1296 196 1388 na
427 1317 464 1385 c.
484 1315 725 1384 ccccxvm.
770 1318 824 1385 ne
842 1321 951 1385 eadem
967 1343 1013 1386 re.
1129 1355 1132 1359 -

519 1455 578 1520 Ex
598 1454 682 1541 lege
699 1454 866 1520 Romana
879 1460 919 1542 ⁵).

271 1579 449 1659 Imperator
470 1574 699 1640 Constantinus
721 1575 881 1658 Augustus
904 1575 984 1639 Osio
1002 1577 1153 1659 episcopo
1172 1576 1244 1643 Cor·

185 1681 329 1746 ‹lubomi-
365 1677 429 1755 Qui
441 1679 685 1742 manumittendi
697 1679 730 1739 iu
742 1686 946 1741 sacrosancta
960 1677 1097 1744 ecclesia
1110 1679 1247 1745 habuerit

187 1782 399 1861 volantatem,
416 1774 539 1847 tautum
556 1788 619 1858 est,
646 1787 682 1842 ut
698 1779 757 1843 sub
774 1785 954 1859 praeseutia
966 1783 1173 1849 sacerdotum
1190 1805 1246 1846 ser·

185 1907 242 1948 vos
260 1905 335 1949 suos
352 1881 432 1948 velit
445 1885 535 1968 ⁶⁸⁰⁵)
555 1880 731 1960 absolvere,
750 1884 884 1961 noverit,
904 1904 974 1962 eos,
993 1892 1142 1964 suscepta
1158 1885 1246 1948 liber·
1274 1888 1286 2419 ὑ

186 1996 267 2066 tate,
295 1987 381 2049 cives
400 2007 471 2049 esse
488 1982 660 2047 Romanos.
703 1981 789 2046 Nam
812 1986 840 2045 si
863 1982 968 2047 clerici
997 1988 1165 2066 mancipiis
1187 1989 1245 2050 suis

187 2089 263 2153 darc
290 2087 447 2152 voluerint
472 2085 676 2163 libertatem,
692 2086 828 2148 etiamsi
855 2093 948 2150 extra
976 2095 1181 2166 conspectum
1205 2089 1246 2151 le·

183 2194 285 2256 corint
303 2191 518 2266 sacerdotum,
541 2185 593 2249 vel
615 2188 683 2249 sine
700 2189 855 2269 scriptura
872 2187 978 2252 verbis
995 2196 1120 2253 tantum
1136 2190 1245 2253 fuerint

124 2350 129 2357 .
181 2293 337 2373 absoluti,
355 2291 511 2370 manebit,
534 2290 617 2353 sicut
632 2288 751 2354 civibus
769 2284 935 2369 Romanis,
961 2292 1089 2376 integra
1106 2299 1141 2356 ot
1157 2290 1244 2372 plena

181 2394 326 2499 libertas.

123 2588 173 2634 eor
235 2565 274 2632 C.
293 2563 506 2631 ccccxlii.
555 2561 649 2640 Quod
663 2572 758 2628 curto
776 2562 937 2628 libertatis
958 2569 993 2628 ἐκ
1010 2561 1140 2630 umbone
1156 2572 1201 2631 ai

640 2666 787 2750 legenda.
844 2682 847 2689 '

434 2803 492 2866 Ex
509 2799 686 2866 Concilio
706 2799 950 2866 'l'riburiansi
963 2803 1000 2886 t).

267 2921 313 2987 Ut
330 2919 410 2984 nulli
427 2921 467 2984 de
489 2918 599 2983 servili
620 2921 801 2984 conditione
825 2919 865 2983 ad
888 2940 996 2984 sacros
1024 2918 1153 2984 ordines
1179 2942 1243 3001 pro·

181 3031 384 3101 moveantur,
411 3024 473 3085 nisi
500 3025 586 3102 priua
610 3044 630 3085 a
647 3022 779 3085 dominis
800 3024 933 3101 propriis
956 3018 1131 3105 legitimam
1152 3021 1243 3088 libor·

179 3133 280 3190 tatem
303 3132 547 3204 consequantur,
575 3126 663 3188 cuius
684 3123 841 3188 libertatis
868 3131 1053 3187 cartaante
1071 3122 1241 3188 ordinatio·

179 3249 254 3292 uem
270 3229 304 3290 iu
322 3226 457 3291 ambone
479 3225 601 3307 publice
621 3225 762 3310 legatur,
786 3233 818 3291 et
835 3227 864 3289 si
881 3224 986 3289 nullus
1004 3226 1242 3304 contradixerit,

106 3467 109 3473 ’
232 3492 275 3541 ,c
294 3489 468 3537 ccccxvm.
504 3486 528 3544 ι)
546 3488 655 3544 interpr.
672 3486 701 3534 n.
719 3499 763 3534 un.
782 3483 968 3534 conuocat:
995 3483 1035 3531 ne
1052 3483 1243 3535 manamaur·

178 3556 271 3608 ecclcr.
292 3559 349 3622 (fv.
368 3560 421 3619 ¹1.).
449 3557 524 3618 (Dat.
543 3555 611 3603 xlv.
634 3554 692 3602 Kal.
714 3553 790 3613 Maii,
822 3556 913 3613 crtrpo
931 3555 962 3599 u.
980 3555 1008 3600 et
1025 3553 1201 3602 courtntiro
1217 3554 1243 3600 u

179 3630 250 3677 corr.
261 3641 284 3674 a.
295 3629 352 3674 321.

246 3731 274 3776 c.
292 3726 446 3774 ccccxlx.
461 3725 482 3784 t)
492 3726 550 3771 Non
560 3725 646 3770 exstat
656 3723 724 3770 inter
733 3723 765 3770 im
770 3736 858 3782 precra
868 3719 1070 3782 capitularum
1080 3722 1128 3769 aed
1137 3723 1242 3771 ccciv.

178 3797 275 3844 concil.
285 3796 387 3842 Tribur.
397 3794 469 3854 (ann.
479 3792 549 3848 895.)
559 3796 585 3838 et
595 3792 678 3839 Beitr.
690 3807 713 3851 p.
724 3793 757 3837 22
766 3804 836 3849 reqq.
846 3795 872 3838 et
882 3804 906 3850 p.
916 3791 974 3836 1¹14.
984 3804 1007 3838 c.
1017 3791 1042 3837 8.
1059 3812 1095 3823 -
1114 3791 1208 3839 Barth.
1216 3791 1242 3835 ΙΙ.

175 3866 231 3992 ²:³⁹
232 3864 300 3978 (1¹12,
310 3863 395 3978 blla·
411 3863 453 3909 Vl.
471 3862 513 3909 41.
532 3856 602 3924 (B.),
621 3861 871 3920 Pan.111.48.(1).),
889 3859 955 3906 Dirt.
969 3859 1033 3906 HV.
1047 3870 1070 3904 o.
1085 3859 1125 3918 λς
1143 3860 1178 3907 ci.
1187 3859 1243 3918 Μ.

220 4133 252 4192 C.
277 4131 467 4193 ccccxvii.
504 4136 582 4204 679)
608 4129 684 4190 llild.
775 4131 808 4190 C.
828 4126 1034 4190 ccccxviii.
1080 4129 1241 4215 680⁸)u03

175 4238 227 4280 cuo
237 4237 317 4278 moro
328 4220 462 4278 mutavit:
475 4220 587 4296 quaein
594 4217 688 4274 eccle·
732 4218 840 4277 luerit:
859 4214 920 4274 Bal.

173 4308 219 4366 sia
233 4308 323 4384 vaget.
343 4310 417 4379 680)
429 4303 520 4364 alebi:
536 4301 612 4359 Hild.
623 4299 684 4358 Bai.
