2594 4898
394 332 472 415 cap.
494 332 651 397 Lxxv·-
661 332 792 397 LXXIX.
1082 338 1132 403 llll

60 505 179 567 vitales
195 501 231 565 in
249 520 350 564 coena
367 498 497 564 Domini
521 505 632 565 venire
654 501 742 566 soliti
763 511 869 582 erant,
896 506 1052 569 sancitum
1069 514 1130 587 est,

61 613 93 669 ut
109 604 153 668 de
170 602 236 681 bis,
264 604 317 683 qui
334 602 431 685 longe
447 605 542 681 positi
563 613 650 683 sunt,
678 606 718 668 de
738 613 811 668 octo
838 603 888 669 vel
915 606 1025 670 decem
1050 629 1130 672 unus

61 707 99 770 ab
118 707 351 787 episcopo²¹²)
370 703 520 788 eligatur,
544 708 594 785 qui
613 712 776 786 acceptum
793 707 930 771 chrisma
946 707 1010 771 sibi
1028 714 1061 771 et
1077 729 1130 772 so-

62 810 118 872 ciis
146 807 316 890 diligenter
336 806 486 886 perferat.
528 805 574 870 Hi
597 829 690 887 vero,
718 812 852 889 quinon
871 808 1033 892 longiusa
1052 812 1130 873 civi·

60 916 143 989 tate,
172 930 264 989 quem
287 915 423 988 quatuor
448 911 662 991 autquinque
688 908 825 993 millibus
852 910 1013 990 habitant,
1040 932 1129 977 more

61 1010 157 1076 solito
177 1012 219 1074 ad
233 1009 447 1091 accipiendum
465 1009 601 1074 chrisma
613 1033 670 1092 per
687 1033 722 1075 se
735 1015 880 1091 veniant,
899 1013 1040 1075 discendi
1052 1035 1128 1077 vero

61 1116 164 1198 gratie
191 1109 338 1194 nlio‘m)
364 1133 430 1175 non
449 1111 714 1195 quadragesimali
736 1120 878 1195 tempore
900 1112 942 1176 ad
970 1116 1130 1180 civitatem
1193 1188 1199 1196 ¹

61 1222 192 1296 propter
207 1212 316 1295 plebes
333 1215 395 1279 ribi
413 1216 595 1278 commissas
614 1223 837 1278 convocentur.

10 1351 13 1364 ’
61 1384 97 1449 C.
115 1382 312 1449 LXXVIII.
350 1382 396 1449 Ut
411 1388 547 1449 alteriue
560 1392 701 1470 episcopi
711 1384 845 1450 chrisme
859 1387 964 1450 nullus
976 1391 1127 1471 accepiet.
1137 1402 1169 1446 τι

232 1520 291 1584 Ex
318 1519 493 1584 Concilio
522 1519 703 1600 vasensi,
732 1544 807 1601 cap.
835 1519 904 1585 111.
917 1524 957 1605 ⁰).

146 1638 212 1702 Per
236 1637 360 1723 singula
385 1642 548 1702 territoria
573 1640 753 1721 presbyteri
774 1640 825 1703 vel
847 1642 983 1704 ministri
1005 1640 1046 1703 ab
1064 1643 1128 1722 epi·

61 1744 166 1822 scopis
183 1763 266 1820 non,
284 1748 377 1820 prout
393 1740 518 1805 libitum
534 1742 646 1821 fuerit,
666 1764 685 1804 a
702 1741 924 1823 vicinioribus,
950 1742 1007 1806 sed
1025 1765 1046 1805 a
1064 1746 1129 1806 suis

61 1846 194 1924 propriis
211 1865 268 1923 per
287 1865 386 1905 annos
403 1843 544 1927 singulos
561 1852 670 1924 petant
688 1844 837 1923 chrisma,
861 1847 1129 1924 appropinquante

60 1944 263 2009 solemnitate
280 1943 443 2024 Paschali,
469 1967 529 2008 nec
549 1968 605 2026 per
627 1968 841 2025 quemcunque
869 1945 1128 2026 ecclesiasticum,

61 2048 166 2111 sedai
189 2068 249 2126 qua
270 2048 443 2110 necessitas
469 2054 524 2110 aut
549 2049 764 2112 ministrorum
790 2050 954 2128 occupatio
983 2056 1047 2128 esi,
1074 2070 1131 2128 per

62 2150 304 2227 subdiaconum,
324 2151 397 2228 quia
412 2146 601 2213 inhonorum
616 2158 675 2228 esi,
694 2149 894 2213 inferioribus
907 2170 1029 2214 sununs
1045 2170 1132 2213 com·

62 2254 154 2315 mitti.
199 2248 362 2331 Optimum
387 2258 496 2313 autem
518 2258 581 2329 est,
609 2258 644 2314 ut
660 2254 728 2329 ipse
746 2252 911 2329 suscipiet,
939 2254 991 2330 qui
1013 2251 1046 2314 in
1064 2262 1131 2313 tra·

65 2354 167 2416 dendo
189 2374 302 2415 usurus
323 2360 383 2417 est.
428 2351 545 2436 Sim)
572 2352 647 2433 quid
673 2360 780 2415 autem
805 2352 927 2430 obstat,
955 2347 1068 2413 saltem
1091 2353 1130 2429 is,

63 2459 150 2519 unius
181 2450 279 2517 officii
309 2462 369 2535 est,
400 2456 571 2521 sacrarium
602 2454 767 2535 disponere
798 2461 830 2517 et
855 2460 1052 2516 sacramenta
1078 2474 1131 2515 su·

64 2578 200 2642 serpere.

10 2625 20 2702 Ρ
64 2727 98 2792 C.
116 2726 281 2791 LXXIX.
341 2725 386 2792 Ut
406 2730 510 2794 ocellus
534 2734 676 2793 oriteieter
705 2735 775 2793 circe
807 2728 976 2793 edreinmte
994 2724 1173 2811 profici-us

516 2828 677 2916 secturi).

147 2947 279 3014 Nullum
305 2950 534 3029 ministrorum,
563 2952 616 3030 qui
632 2950 813 3030 baptizandi
835 2948 1036 3031 recepitffi)
1063 2944 1132 3011 offi-

67 3056 160 3131 cium,
189 3054 258 3115 sine
284 3050 453 3115 chrismate
479 3053 696 3136 unquamffl)
725 3051 842 3115 debere
868 3051 1032 3133 progredi,
1061 3050 1133 3127 quia

66 3156 146 3219 inter
172 3175 230 3218 nos
255 3151 375 3234 placuit
401 3153 500 3216 semel
521 3156 555 3215 in
580 3154 767 3235 baptismate
795 3152 969 3215 chrismari.
1013 3148 1065 3213 De
1093 3171 1132 3213 eo

129 3348 158 3395 G.
176 3344 315 3393 irxxvnl.
351 3346 377 3407 c)
388 3347 466 3395 Cone.
475 3347 590 3393 vasense
600 3347 618 3393 1.
632 3345 690 3394 heb.
705 3358 763 3391 ann.
778 3344 837 3391 442.
854 3366 890 3375 -
915 3340 981 3389 coli.
996 3340 1077 3386 Decii.
1091 3340 1134 3386 ΙΙΙ.

69 3414 204 3475 bistone).
222 3438 255 3447 -
277 3410 565 3475 Burch.1v.7s.(a.),
589 3410 851 3468 1)ecr.1.272.(13.):
871 3408 916 3454 Es·
931 3410 1007 3453 Cone.
1026 3406 1134 3453 l‘asens.

67 3497 86 3531 e.
95 3485 136 3533 1⁰.
153 3508 189 3517 -
207 3482 247 3528 of.
264 3483 368 3529 statute
386 3483 449 3530 eccl.
468 3490 522 3533 ant.
537 3496 559 3529 c.
574 3483 615 3529 ει.
630 3482 676 3541 (ex
691 3476 927 3537 cousuetudine),
944 3474 1013 3521 inter
1022 3486 1135 3519 cauouer

69 3550 143 3600 (lonc.
152 3548 240 3597 cartis.
250 3550 292 3598 Ν.
302 3565 325 3597 c.
335 3551 376 3597 36.

10 3648 14 3658 -
130 3620 158 3667 G.
175 3618 297 3667 LXXIX.
331 3618 358 3673 d)
369 3620 396 3665 G.
407 3621 430 3666 2.
440 3619 537 3666 Concil.
546 3615 661 3664 Arausio.
670 3618 689 3664 l.
700 3616 822 3662 hainenn.
828 3613 926 3660 441.-
935 3608 1135 3659 Goll.l)acb.ill.

68 3688 105 3735 ⁹⁰.
113 3682 208 3749 (fons).
218 3712 248 3721 -
268 3686 413 3735 sarcum.
424 3684 536 3747 ¹13.(R.),
549 3688 626 3733 Decr.
635 3687 655 3733 1.
664 3686 722 3732 26⁶1.
733 3684 798 3743 (B.):
816 3680 863 3729 Ex
871 3695 942 3729 conc.
955 3678 980 3725 V
978 3691 1063 3727 arene.
1073 3694 1094 3726 c.
1102 3681 1135 3738 5.;

69 3769 143 3803 caum
156 3754 233 3802 huius
248 3755 330 3801 falsae
347 3755 524 3814 inscriptionis
542 3757 583 3801 est
600 3753 754 3801 antecedens
768 3750 908 3812 Reginouis
918 3763 1002 3796 canon
1012 3750 1135 3807 Venena,

14 3859 20 3873 .
69 3822 96 3873 u.
104 3824 147 3875 iv,
164 3824 206 3874 De
215 3836 287 3871 rouo.
297 3837 319 3871 c.
330 3826 401 3871 12b.:
420 3823 465 3870 Er
476 3824 552 3870 Cone.
562 3821 658 3869 Araus.
668 3837 689 3869 c.
701 3824 724 3869 1.

104 3958 141 4018 C.
167 3956 315 4017 Lxxvn.
369 3962 447 4030 212)
476 3958 576 4018 aredi·
627 3958 700 4027 citt,
719 3953 770 4015 sed
789 3956 819 4013 in
837 3952 960 4012 Dormst.
980 3972 1007 4010 a.
1027 3950 1063 4011 ΙΙ.
1083 3956 1134 4013 ⁷7.

69 4046 214 4105 diacono:
232 4042 306 4103 (loll.
329 4044 393 4101 citt.
429 4047 503 4116 213)
524 4042 576 4101 de·
628 4042 700 4101 haee
718 4040 806 4099 verba
824 4041 892 4098 item
911 4038 1053 4115 leguntur.

67 4140 108 4189 est
128 4132 159 4189 in
175 4128 267 4189 Tsev.
671 4127 704 4185 (i.
732 4124 863 4183 Lxxlx.
908 4127 987 4196 216)
1015 4122 1139 4199 recepit:

10 4237 20 4257 ·
105 4214 139 4273 G.
158 4212 321 4274 LXXVlll.
356 4218 432 4287 215)
455 4214 493 4273 Sa·
506 4214 579 4291 quid
630 4214 704 4291 orig.
717 4211 795 4271 Grai.
825 4212 899 4281 217)
911 4226 1049 4287 usquam:
1063 4204 1137 4281 orig.

67 4335 102 4345 -
129 4303 300 4379 suscepere:
328 4298 419 4359 desid.
447 4300 475 4355 in
503 4298 576 4357 Coll.
631 4296 721 4359 llaeb.
741 4296 821 4355 Gret.
