2580 4890
332 390 337 397 .
376 342 459 425 App.
479 342 516 405 11.
535 364 607 427 cop.
624 345 872 408 XXIX-XXX.
1086 350 1159 414 445

89 534 218 603 manere
243 510 329 577 licet.
375 508 507 587 Quodsi
525 516 593 594 quis
619 536 664 579 ex
688 514 738 579 his
765 517 932 596 quidquam
958 522 1083 581 tentare
1106 526 1161 583 aut

89 622 250 681 temerare
275 618 513 695 praesumserit,
544 618 614 696 pari
645 638 716 681 cum
742 620 789 681 eis
824 621 1159 684 excommunicationis

89 718 251 783 sententia
268 717 409 781 feriatur.
440 724 443 729 '

89 902 128 969 C.
147 902 268 969 XXX.
295 904 349 970 De
366 906 478 984 oidao,
498 927 579 992 petae
595 905 651 970 sad
669 905 799 971 adtenta
816 911 981 994 religionis
997 911 1099 973 aeirem
1116 910 1162 975 ad
1167 927 1196 975 Α.
1207 927 1224 975 1.
1235 928 1276 973 st.

422 1017 543 1092 tempos
559 1008 622 1074 sibi
636 1015 828 1095 imposuerit.

530 1140 725 1226 ffipwv

176 1261 331 1329 Nicotaus
354 1265 649 1345 episcopusservus
677 1284 839 1331 servorum
864 1265 928 1331 Dei
957 1269 1157 1333 reverendis·

88 1368 174 1433 sinuo
197 1373 231 1430 et
251 1368 451 1431 sanctissimo
474 1366 627 1429 confratri
645 1375 754 1430 nostro
772 1367 937 1434 Adalwino
960 1379 1090 1435 sanctae
1107 1371 1159 1434 lu·

88 1462 245 1555 divensis.
257 1466 410 1533 ecclesiae
427 1466 673 1548 archiepiscopo.
718 1465 812 1544 Quod
830 1479 937 1536 autern
954 1474 1157 1556 interrogasti

88 1570 131 1637 dn
155 1570 291 1650 femina,
318 1591 398 1652 quaa
421 1577 496 1651 post
521 1569 643 1664 obitum
664 1572 771 1635 mariti
791 1574 840 1634 sui
866 1572 1011 1638 velamen
1033 1579 1158 1638 sucrum
1238 1610 1243 1617 ·

88 1692 187 1754 snper
203 1680 295 1754 caput
311 1693 401 1736 suum
417 1674 567 1751 imposuit
583 1678 617 1735 et
633 1669 730 1737 finxit
746 1694 782 1736 so
794 1673 858 1738 'sub
873 1676 985 1739 eodem
1000 1675 1157 1739 valamine

88 1772 363 1847 matimoniulem
382 1774 536 1838 feminam
557 1792 644 1854 esse,
666 1783 779 1854 postea
799 1797 879 1840 vero
901 1777 941 1840 ad
964 1779 1088 1858 nuptias
1106 1799 1157 1841 ro·
1184 1800 1189 1815 ·

88 1876 160 1956 diit,
179 1874 295 1940 bonum
312 1874 391 1939 mihi
407 1876 543 1955 videtur,
562 1878 634 1957 quia
646 1899 703 1956 per
715 1876 897 1960 hypocrisin
912 1877 1158 1943 ecclesiasticam

87 1975 235 2065 reguiam
261 1976 450 2042 donturbare
477 1976 592 2058 voluit,
623 1985 656 2040 st
682 2000 746 2042 nou
771 1977 913 2062 legitime
938 1983 971 2044 in
997 1990 1072 2043 voto
1099 2003 1156 2044 suo

87 2081 280 2163 permansit,
306 2088 343 2143 ut
366 2080 594 2161 poenitentiam
619 2086 694 2162 agat
716 2081 755 2143 ds
777 2078 923 2144 illusione
946 2082 1099 2160 nefanda,
1125 2092 1159 2147 et

87 2188 271 2249 revertatur
286 2182 328 2245 ad
344 2182 393 2260 id,
415 2181 499 2262 quod
517 2181 685 2260 spopondit
707 2189 741 2244 et
758 2183 790 2244 in
808 2202 898 2244 sacro
915 2183 1090 2245 ministerio
1108 2185 1157 2245 in·

87 2284 231 2351 mauvia
275 2278 408 2348 Na'm‘ai
430 2285 697 2363 consenserimus,
721 2284 807 2364 quod
828 2284 933 2346 omnia
959 2292 1157 2349 sacramanta

87 2384 310 2453 monimum
332 2387 477 2466 quisque,
504 2392 598 2466 prout
619 2382 701 2464 volt,
728 2383 843 2469 fingat,
871 2392 903 2449 et
923 2406 989 2449 uon
1011 2406 1086 2449 vere
1108 2386 1157 2449 fa·

87 2490 156 2555 odat
167 2489 238 2572 Π),
261 2489 361 2551 omnis
373 2479 463 2551 'ordo
482 2486 713 2551 ecclesiasticus
732 2485 955 2566 conturbatur,
973 2508 1032 2550 uec
1050 2487 1158 2551 catho-

87 2590 172 2657 iine
187 2588 267 2655 fidei
282 2591 354 2653 iura
371 2591 556 2668 consistunt,
576 2612 634 2653 nec
652 2611 789 2654 canones
807 2590 889 2652 sacri
905 2591 966 2652 rite
985 2587 1157 2653 observan-

87 2696 153 2759 tur.
199 2689 287 2768 Quid
311 2693 395 2755 onim
420 2691 538 2772 profuit
560 2691 683 2755 Simoni
708 2712 800 2775 mago
825 2689 1012 2770 baptismum
1034 2713 1158 2755 sacrum

87 2792 166 2861 flcio
182 2795 343 2875 suscipere
361 2800 394 2857 et
410 2795 443 2857 in
458 2792 698 2859 Christianitate
713 2814 950 2874 permansurum
963 2813 999 2855 se
1009 2791 1157 2873 finxisse,

89 2918 164 2963 cum
189 2917 246 2977 per
262 2890 449 2976 Apostolum
467 2896 552 2960 fraus
571 2897 638 2959 eius
657 2895 798 2974 detecta,
825 2895 908 2976 quod
933 2895 994 2960 sibi
1019 2896 1160 2959 futurum

88 3004 193 3079 aaut,
214 3000 454 3079 pronunciatum
477 3005 543 3061 estt
569 2996 625 3061 Ait
643 3000 725 3061 enim
736 2997 792 3084 †):
814 2996 959 3062 Pecunia
978 3008 1036 3062 tua
1054 3007 1156 3062 tecam

89 3104 137 3167 rit
159 3102 417 3186 tuperatione:
444 3121 497 3164 cor
524 3105 604 3164 euim
631 3109 718 3163 taam
744 3119 806 3162 noa
833 3109 883 3163 ert
907 3110 1028 3165 rectam
1054 3122 1159 3165 coram

88 3200 174 3269 Deo.
219 3201 457 3267 Poeaiteotiam
482 3207 594 3286 itaque
619 3222 681 3285 age
707 3199 746 3265 ab
773 3202 834 3267 duo
858 3208 1003 3286 nequitia
1025 3211 1096 3280 tao,
1125 3211 1161 3264 et

90 3324 172 3391 rogo
189 3302 309 3384 Deum,
331 3314 372 3369 ut
382 3305 481 3385 forte
501 3310 688 3368 remittatur
709 3303 771 3369 todi
784 3304 864 3368 daec
882 3309 1038 3388 cogitatio
1055 3302 1158 3367 cordo

92 3413 151 3485 tsi,
195 3404 240 3471 Ia
252 3407 342 3487 felle
363 3414 446 3472 emm
466 3405 690 3472 amaritudinem
712 3415 747 3470 et
763 3404 955 3492 obligatione
975 3410 1158 3492 iniquitates

158 3686 188 3734 c.
206 3684 293 3734 XXX.
327 3684 356 3744 d)
374 3684 446 3732 Unde
460 3685 587 3734 collector
599 3687 688 3733 noster
700 3685 750 3732 hoc
765 3683 918 3733 desumserit
931 3685 1021 3743 caput,
1036 3682 1096 3742 quid
1111 3682 1160 3731 ribi

94 3752 153 3827 pm
161 3753 240 3803 iilud:
251 3754 313 3815 Gap.
326 3753 371 3814 V„
380 3767 484 3814 prorsus
495 3767 546 3800 non
557 3757 673 3812 constat;
684 3757 753 3800 certe
763 3753 831 3799 inter
840 3765 929 3801 omnes
939 3765 1065 3800 cononum
1076 3751 1158 3799 colle-

95 3820 190 3871 mone·
203 3822 255 3869 huc
271 3834 355 3887 usque.
366 3822 484 3883 cognitor
497 3820 540 3868 iric
556 3820 721 3881 primalruins
732 3819 868 3867 decretalis
879 3819 1005 3879 epistolae
1018 3820 1046 3865 ot
1054 3819 1158 3867 mentio.

91 3908 124 3927 κ
132 3888 228 3938 Bureh.
237 3890 303 3938 vm.
314 3892 355 3938 47.
364 3890 436 3952 (Ress.
446 3886 498 3951 Α.),
508 3890 584 3939 Dect.
594 3891 646 3936 vn.
657 3893 698 3936 65.
709 3889 769 3952 (3.),
781 3890 847 3948 152.,
858 3889 919 3936 Pon.
929 3890 970 3936 ΙΙΙ.
981 3890 1039 3936 206.
1049 3883 1093 3950 (Ι).
1104 3884 1158 3946 65.)

88 3950 156 4007 om.
167 3959 275 4006 xxva.
285 3972 308 4006 e.
319 3961 342 4006 o.
353 3961 376 4006 7.
389 3955 441 4018 (Ρ.)
451 3958 611 4019 adalwinus,
621 3958 665 4015 qut
674 3957 822 4005 luvoveusis
833 3955 871 4003 roi
882 3958 1063 4016 Satztrurgens.
1073 3956 1158 4002 occie-

85 4024 145 4135 :iae
158 4026 372 4088 archiepiscopus
386 4031 443 4075 erat
456 4028 487 4074 ab
501 4041 569 4074 annuo
583 4026 751 4087 dds-8⁶1³„
769 4026 888 4075 interfuit
903 4028 981 4077 Cone.
996 4025 1085 4073 Coton.
1099 4036 1158 4070 anri.

219 4191 250 4249 ²5)
263 4191 316 4235 Act.
330 4189 415 4247 Aput.
429 4204 450 4234 e.
463 4194 484 4235 a

132 4300 168 4359 C.
186 4298 279 4360 XXX.
304 4303 357 4374 6⁷)
367 4298 448 4377 fiat:
468 4297 530 4359 Bal.
