2594 4898
405 337 481 418 cap.
506 336 790 401 cxxt--cxxm
1088 346 1134 405 ro

63 509 171 575 iacere
187 507 279 571 luctu
296 506 525 587 compendium.
560 505 635 571 Hoc
651 513 758 572 autem
774 509 887 573 vitium
904 516 937 572 et
952 529 1029 591 noc,
1046 519 1132 591 poet-

64 632 158 692 quam
174 608 249 675 Deo
268 615 399 673 auctore
416 609 457 674 ud
474 612 670 691 episcopatus
687 608 841 675 honorem
858 614 1066 693 accessimus,
1093 615 1133 678 de

62 713 201 779 ccclesia
222 717 334 778 norim
350 714 479 777 omnino
500 714 659 777 vetuimus
681 719 714 776 et
730 735 861 793 pravam
879 715 982 778 denuo
1000 736 1133 781 consue-

61 817 205 881 tudinem
227 836 425 895 nequaquam
440 817 585 895 mummi
605 816 819 895 permisimus,
844 837 1021 897 memores,
1049 821 1132 899 qnia,

62 919 137 983 dum
158 916 323 983 Abraham
345 940 366 981 a
382 915 458 981 filiis
474 915 618 997 Ephron,
636 914 698 980 hoc
716 925 775 996 eat,
798 915 867 981 lilio
880 921 953 1004 ³4²)
980 918 1062 984 Scor
1082 942 1134 985 re-

62 1019 205 1102 pulerum
220 1021 411 1104 pretium)
437 1020 479 1083 ad
505 1016 697 1083 humandum
723 1040 837 1101 corpur
863 1022 1004 1106 coniugi·
1026 1030 1141 1104 portu-⁴

62 1120 160 1202 daret,
179 1125 355 1202 praemium
367 1123 442 1205 ³⁴⁴)
465 1123 609 1201 accipere
624 1124 744 1201 renuit,
767 1144 808 1187 ne
827 1126 1028 1189 commodum
1044 1126 1134 1191 vide·

62 1233 151 1289 retur
178 1225 218 1289 de
246 1224 400 1289 cadavere
426 1232 624 1288 consecutus.
669 1223 705 1287 Si
728 1241 804 1309 ergo
827 1232 937 1290 tantae
954 1228 1134 1293 concidera-

62 1328 160 1391 tionis
185 1348 325 1412 paganae
351 1328 402 1391 vir
427 1327 503 1407 fuit,
531 1334 648 1407 quanto
674 1328 773 1410 magia
800 1348 879 1406 nou,
908 1330 960 1407 qui
985 1330 1133 1393 sacerdo·

62 1437 111 1493 tes
123 1431 198 1515 ³⁴⁵)
225 1429 372 1508 dicimur,
398 1426 461 1493 hoc
481 1429 588 1493 facere
610 1450 674 1493 non
693 1426 861 1492 debemus?
897 1428 988 1494 Unde
1005 1452 1046 1493 ne
1060 1432 1132 1513 Μ)

47 1530 125 1596 ·hoc
146 1533 300 1595 avaritiae
320 1533 447 1611 vitium,
475 1553 516 1595 ne
534 1529 587 1596 vel
603 1533 636 1594 in
654 1530 767 1601 alienis
785 1531 889 1594 denuo
907 1533 1026 1595 tentari
1041 1552 1133 1612 prue-

62 1642 220 1714 sumatur,
251 1634 418 1700 admoneo.
462 1633 527 1697 Sed
552 1636 581 1697 ei
614 1634 738 1714 quando
769 1631 907 1713 aliquem
936 1635 969 1696 in
996 1632 1133 1699 ecclesia

61 1744 171 1800 vestra
183 1734 314 1816 repoliri
326 1737 514 1816 conceditis,
532 1737 686 1817 siquidem
700 1743 849 1815 parentes
868 1736 978 1815 ipsine,
996 1738 1131 1815 proximi

61 1837 114 1900 vel
136 1837 272 1902 heredes
293 1860 351 1919 pro
372 1837 576 1901 luminaribus
599 1846 711 1918 sponte
730 1836 803 1917 quid
821 1836 937 1901 offerre
958 1835 1130 1920 voluerint,

62 1942 205 2020 accipere
231 1961 295 2003 non
320 1947 475 2003 vetamur.
509 1938 581 2003 Pcti
607 1961 684 2002 vero
711 1947 767 2002 aut
792 1937 908 2017 aliquid
931 1941 1018 2023 exigi
1045 1942 1131 2003 omni

61 2042 157 2105 modo
184 2040 400 2122 prohibemns,
428 2064 484 2122 ne,
517 2040 599 2122 qnod
624 2040 717 2104 valde
743 2039 955 2124 irreligiosum
982 2028 1048 2121 est,
1075 2048 1131 2107 unt

61 2141 203 2223 venalis,
231 2143 316 2224 qnod
333 2143 431 2223 abuit,
457 2144 580 2208 dicatur
601 2141 751 2222 ecclesia,
780 2152 834 2207 aut
850 2164 907 2205 vos
925 2142 965 2205 de
984 2143 1129 2209 humanis

62 2246 234 2309 videamini
249 2228 404 2311 mortibur
421 2245 586 2330 gratulari,
604 2247 633 2308 si
651 2265 693 2307 ex
711 2266 820 2308 eorum
839 2243 1046 2309 cadaveribus
1064 2252 1130 2310 etu-

62 2346 142 2412 detis
161 2369 314 2429 quaerere
332 2347 472 2430 quolibet
487 2347 581 2411 modo
600 2345 829 2425 compendium.

345 2516 383 2581 C.
404 2515 563 2582 cxtlv.
599 2515 653 2582 De
671 2516 780 2582 eudem
797 2538 844 2580 re.
1139 2531 1188 2577 rra

180 2654 242 2718 Ex
259 2653 433 2719 Concilio
452 2652 662 2734 Meldensi,
690 2675 766 2735 cap.
784 2650 945 2716 LXXII.
956 2652 998 2737 v).

146 2768 194 2839 Ut
212 2796 304 2839 nemo
323 2773 494 2855 quemlibet
513 2780 672 2838 mortuum
693 2774 727 2836 iu
744 2772 879 2838 eeclesia
898 2775 987 2854 quasi
1004 2772 1129 2838 heredi·

64 2877 141 2940 tario
160 2878 244 2957 iure,
266 2878 328 2941 nisi
346 2898 437 2957 quem
455 2879 619 2957 episcopus
637 2884 692 2939 aut
708 2877 876 2959 presbyter
896 2898 954 2957 pro
977 2875 1129 2956 qualitate

64 2980 310 3043 conversationis
329 2987 361 3042 et
373 2980 445 3063 141)
467 2981 553 3042 vitae
572 2979 698 3062 dignum
717 2979 860 3058 duxerit,
884 2977 1018 3059 sepelire
1036 2999 1128 3058 prae·

65 3087 181 3160 sumat,
209 3101 268 3145 nco
294 3085 455 3163 quisquam
483 3102 556 3144 oasa
582 3079 750 3144 cuiuslibet
775 3081 894 3144 mortui
919 3081 959 3143 de
980 3079 1128 3162 sepulcro

64 3203 118 3245 sno
137 3184 256 3246 eiicere
272 3187 345 3264 ³⁴⁸)
355 3229 366 3263 ,
402 3191 458 3246 ant
475 3181 665 3263 sepulturam
684 3184 865 3262 cuiusquam
882 3185 1053 3246 temerario
1072 3204 1128 3244 au·

65 3286 181 3369 mm)
191 3307 314 3366 quoquo
327 3284 423 3348 modo
435 3284 628 3367 violet³⁵⁰)‚
647 3284 702 3347 sed
712 3305 961 3365 unumquemque
975 3286 1008 3347 iu
1022 3281 1128 3346 loculo

127 3476 156 3523 c.
175 3472 290 3524 CXXIV.
326 3472 351 3537 v)
359 3477 423 3524 Hah.
433 3489 457 3524 e.
467 3477 537 3536 845.;
556 3475 589 3522 cl.
603 3472 693 3520 Karoli
707 3475 737 3520 ΙΙ.
747 3472 871 3520 convent.
881 3471 979 3518 invilla
994 3472 1128 3531 Sperneco

10 3566 17 3571 -
65 3555 84 3592 ι.
93 3545 151 3591 846.
162 3558 185 3591 c.
196 3545 237 3590 ³12.
245 3569 281 3579 -
297 3544 391 3593 Burclr.
400 3547 441 3592 ΙΙΙ.
452 3546 509 3593 158.
520 3543 584 3603 (a),
604 3543 679 3589 Decr.
690 3542 733 3588 ΙΙΙ.
743 3543 801 3588 221.
813 3540 874 3600 (3.),
893 3541 954 3588 Pan.
964 3542 995 3589 ll.
1006 3540 1127 3601 zo.(1).);

65 3610 101 3667 (in
107 3612 194 3660 tribon
202 3611 243 3659 hir
253 3612 318 3661 coll.
327 3615 417 3660 verba:
435 3616 550 3661 maxime
559 3626 635 3673 quum
647 3624 699 3657 nou
712 3609 793 3657 colum
807 3610 911 3656 diutinae
920 3622 1001 3668 utque
1011 3609 1042 3657 ed
1051 3609 1128 3656 linem

65 3677 177 3740 derum.)
197 3680 230 3728 cl.
240 3680 373 3728 Hincmnri
382 3681 493 3741 capitul.
503 3695 525 3730 c.
536 3683 577 3728 12.

101 3814 137 3873 C.
165 3812 296 3874 cxxtll.
360 3821 434 3886 342)
453 3816 571 3894 fitium.-
617 3817 704 3874 tt'um:
724 3813 842 3873 Helmst.
862 3812 923 3872 Bal.
964 3815 1037 3890 345)
1051 3815 1125 3887 Deos:

63 3896 124 3959 Vct.
146 3899 234 3959 Trcv.
259 3898 380 3979 Guelplr.
406 3900 526 3973 Vicun.;
555 3919 573 3959 a
615 3898 681 3958 vat.
718 3898 782 3958 add.
841 3903 920 3973 346)
962 3897 1044 3957 deest
1078 3918 1126 3978 ap.

57 3982 146 4059 filiis.-
175 3982 265 4044 Decr.
294 3984 374 4045 Grat.
427 3991 501 4058 343)
529 3986 572 4044 sic
617 3983 678 4044 Bal.

10 4087 20 4097 ·
65 4067 124 4128 lat.
142 4069 232 4130 Trcv.
256 4068 341 4130 Goth.
361 4069 448 4131 Decr.
467 4106 510 4117 -
527 4091 573 4128 ce·
660 4069 692 4127 C.
712 4068 841 4129 CXXIV.
878 4073 951 4139 347)
973 4078 1043 4127 out:
1064 4066 1124 4126 Bal.
1216 4122 1219 4127 .

10 4160 13 4169 '
61 4155 160 4229 putere·
173 4162 287 4215 ancer
300 4157 421 4232 pretio:
443 4155 573 4215 Grat-
616 4160 691 4228 248)
711 4157 829 4220 ez'r‘ciot:
849 4155 925 4232 orig.
960 4157 1034 4226 349)
1054 4172 1125 4211 cru:

10 4246 27 4319 ἦ
63 4230 202 4317 mnn’'
239 4242 390 4318 protelem:
450 4240 571 4320 Guelplr.
617 4240 738 4318 Guelplr.
762 4239 882 4299 Haimat.
904 4238 1012 4298 Vicun.
1049 4238 1124 4305 350)

19 4322 28 4337 '
64 4318 180 4383 llelmct.
199 4322 377 4385 Viennllel.
414 4330 488 4399 344)
500 4344 572 4404 pre-
615 4325 748 4384 or‘olore:
789 4322 894 4382 Bacch.
930 4321 1019 4383 Dect.
1056 4316 1124 4377 Pan·
