2594 4898
176 466 260 556 niem
275 451 453 585 detenderet
465 489 609 568 eupiunt,
626 493 731 550 utrum
743 483 817 548 illos
835 486 925 565 quasi
942 505 1052 549 eoram
1069 485 1175 551 oeulis
1191 486 1244 553 Dei

177 594 329 657 innoxios
356 610 510 654 excusare
536 590 673 669 possint,
710 590 763 669 qni
792 593 922 668 propter
948 589 1136 668 avaritiam,
1174 612 1244 671 qnae

179 696 317 758 omnium
335 691 489 756 malorum
506 691 602 754 radix
620 698 680 769 est,
699 697 731 753 et
747 687 905 773 idolorum
922 692 1071 785 servituti
1088 713 1245 772 comparu-

54 851 60 860 .
178 803 240 875 tur,
259 802 353 876 etque
370 800 501 875 propter
517 793 660 856 favorem
673 791 872 855 dominorum
885 813 1014 856 suorum
1025 793 1243 875 temporalium

178 905 341 963 ueternum
358 894 531 960 Dominum
553 901 804 972 contemserunt,
828 902 861 958 et
881 895 1033 959 mandata
1054 893 1145 958 illius
1169 917 1245 976 sper·

179 1007 292 1063 nentes
323 1020 387 1064 non
419 1020 510 1077 casu,
542 998 599 1061 sed
628 1018 684 1076 per
712 996 899 1060 industriam
929 995 1138 1082 homicidium
1170 999 1245 1062 feee-

58 387 62 391 ,
103 304 106 310 ’
177 323 251 388 sm
422 312 1007 379 nnumonmnnsnconnus.
1268 29 1291 787 1

177 1102 253 1166 sunt
267 1102 349 1184 1⁰⁰).
385 1100 477 1166 Unde
495 1102 528 1163 in
545 1099 662 1163 Exodo
680 1097 1051 1186 scriptumest101)†):
1069 1098 1112 1165 Si
1127 1108 1198 1186 qnis
1214 1101 1246 1164 de

179 1205 342 1270 industria
367 1212 403 1267 et
420 1223 483 1287 per
508 1203 643 1266 innidioe
669 1202 1040 1284 incimmemmaum,
1067 1201 1117 1266 ab·
1133 1206 1253 1268 altario·

180 1328 247 1372 ineo
269 1307 384 1370 eoettee
406 1327 490 1384 enm,
512 1314 552 1370 nt
572 1311 738 1369 norietur.
781 1303 825 1367 Et
847 1305 881 1366 in
902 1300 1159 1370 Deuteronomio
1167 1304 1244 1392 ἡ)

179 1407 221 1474 sa·
235 1417 305 1496 qnia
322 1409 393 1472 odio
409 1408 527 1472 dedens
541 1415 720 1491 proximum
737 1427 840 1484 enum,
858 1406 1246 1486 insidiatnofneritoitne

181 1519 271 1591 eins,
289 1520 324 1576 et
340 1532 473 1594 surgens
486 1518 683 1594 percusserit
700 1531 769 1574 eun
787 1518 821 1573 et
837 1518 978 1574 mortuns
990 1510 1125 1589 feerit,
1149 1519 1186 1575 et
1191 1510 1245 1589 se-

178 1620 269 1698 gerit
290 1615 335 1677 od
353 1632 449 1676 nnnm
463 1613 510 1676 de
526 1613 721 1695 supradictis
736 1609 879 1690 urbibus,
902 1618 1034 1676 mittent
1047 1619 1193 1684 seniores
1203 1617 1246 1675 ei·

180 1722 295 1780 vitetis
320 1717 423 1792 illins,
447 1724 481 1779 et
501 1721 631 1798 repient
652 1736 721 1779 enm
744 1716 784 1778 de
805 1716 873 1778 Ioco
890 1715 1029 1798 effugii,
1058 1723 1094 1779 et
1121 1716 1247 1780 tradent

51 1858 60 1863 -
181 1838 250 1886 enm
272 1824 307 1880 in
327 1835 437 1880 manns
455 1822 600 1902 proximi
619 1824 702 1896 eine,
724 1824 814 1882 enine
834 1823 965 1901 eangnn
987 1817 1115 1897 effnms
1139 1828 1202 1896 eet,
1219 1825 1248 1880 et

181 1926 352 1997 moriatur,
376 1938 434 1982 neo
459 1917 654 1983 misereberis
674 1926 752 1984 eine.
800 1917 895 1982 Illum
920 1920 1026 1999 itaque
1042 1921 1139 2016 ¹⁰²),
1164 1940 1247 2001 quem

181 2019 336 2087 Dominus
355 2021 484 2104 dignum
500 2030 604 2085 morte
622 2043 693 2085 esse
709 2022 875 2101 iudicavit,
894 2023 962 2100 quis
981 2019 1067 2084 diest
1083 2043 1178 2085 reum
1191 2043 1248 2086 nou

182 2108 253 2187 e‘sse
271 2121 358 2204 000)1
390 2119 557 2197 Quomodo
580 2126 756 2188 contrarius
772 2123 843 2216 *legi
864 2108 929 2186 Dei
954 2143 1018 2185 non
1042 2124 1247 2208 existit104),

83 2238 86 2252 ·
182 2227 234 2305 qui
251 2223 326 2305 hoo,
346 2226 429 2307 quod
446 2224 535 2289 Deus
553 2228 728 2307 praecepit,
748 2247 872 2289 cassum
886 2230 955 2302 ¹⁰⁵)
975 2246 1047 2289 esse
1071 2223 1247 2290 contenditt

181 2327 245 2390 Sed
264 2329 346 2391 inter
363 2327 443 2393 haee
461 2329 622 2393 sciendum
640 2337 703 2408 est,
726 2329 810 2409 quod
832 2349 948 2411 magna
965 2327 1121 2393 distantia
1141 2336 1190 2393 est
1204 2330 1247 2392 in·

181 2435 232 2493 ter
247 2427 422 2514 legitimum
439 2433 609 2512 prinoipem
628 2437 661 2495 et
677 2431 864 2494 seditiosum
881 2438 1061 2513 tyranuum.

479 2771 541 2835 Ex
572 2742 948 2867 poenitentiali'hn

268 2888 304 2953 Si
327 2891 394 2969 quis
416 2890 575 2954 hominem
597 2890 629 2954 in
652 2891 737 2955 bello
759 2891 885 2974 publico
909 2891 1074 2971 occiderit,
1098 2893 1167 2958 XL
1180 2895 1247 2977 000)

182 2992 250 3055 dies
267 2994 438 3072 poeniteat.
741 3006 746 3017 ¹
938 2995 974 3051 0.

181 3172 395 3184 ιι--ι-ι-η-

249 3287 276 3334 c.
286 3288 326 3334 LI.
345 3286 373 3347 h)
382 3286 481 3336 Poenit.
490 3289 647 3350 Merseburg.
657 3291 676 3338 1.
686 3303 708 3336 e.
719 3291 759 3338 ot.
770 3292 827 3339 160,
836 3293 983 3338 commeen.
993 3305 1016 3338 e.
1026 3293 1051 3339 6.
1060 3285 1146 3354 (vide:
1156 3291 1247 3349 Boin,

180 3357 277 3468 ΕΜ.
297 3356 374 3417 mn).
402 3357 440 3404 Gt.
450 3356 528 3405 Poen.
541 3357 654 3405 Dnrmst.
665 3373 686 3406 e.
701 3359 741 3406 39.
750 3358 845 3420 (Beier.
861 3374 884 3420 p.
899 3360 957 3408 141.
970 3358 1181 3419 initi-Dect.
1194 3361 1248 3409 XV.

333 3571 365 3679 p
378 3573 454 3615 Enort.
469 3585 488 3615 c.
502 3574 536 3614 21.
550 3584 571 3614 v.
587 3575 619 3616 11.

314 3623 332 3678 †
352 3625 362 3675 )
375 3623 471 3666 Denter.
486 3637 506 3665 e.
521 3626 552 3666 19.
567 3635 589 3666 v.
604 3629 635 3667 11.
650 3627 682 3667 12.

222 3761 296 3818 C.L.
314 3767 385 3836 100)
394 3764 691 3842 iamsequunturapud
735 3786 817 3826 enm:
837 3766 875 3824 ih.
912 3771 988 3843 103)
1007 3787 1089 3826 reum
1108 3789 1169 3829 non
1190 3790 1248 3830 esse

182 3843 253 3904 nab.
273 3845 346 3904 con.
366 3850 427 3907 cio.
447 3869 496 3920 ea,
516 3869 590 3928 quae
608 3870 692 3928 supra
736 3853 800 3929 quis
818 3854 908 3922 dieat,
929 3854 1091 3930 quomodo:
1110 3855 1150 3914 ib.
1177 3860 1247 3926 101)

183 3931 212 3988 in
231 3950 294 4008 eap.
312 3931 391 3990 XVI.
412 3932 495 3990 huius
515 3933 580 3991 libri
599 3938 692 3994 conti·
736 3938 863 3996 eoez'stot:
894 3936 978 3995 Goth.
1007 3937 1129 3997 Helmst.
1177 3946 1247 4013 105)

181 4025 295 4075 nentur.
334 4021 405 4087 101)
425 4019 523 4076 θεόο
542 4038 622 4090 vero,
642 4024 696 4098 qni
736 4040 851 4082 casnm:
870 4022 956 4082 Trev.
979 4022 1101 4102 Gnetph.
1121 4023 1230 4084 Viens.

177 4119 237 4179 per
263 4102 437 4160 industriam
464 4103 590 4181 aliquem
615 4108 692 4165 oeci·
778 4107 811 4166 C.
831 4107 879 4165 LI·
905 4112 977 4178 106)
988 4111 1101 4168 XXX:
1118 4109 1248 4171 menei.

182 4188 275 4257 derit,
309 4189 339 4245 in
365 4189 470 4246 Eoeodo
498 4190 542 4247 ito
563 4211 692 4269 praeoe-
736 4210 762 4252 c.
802 4198 894 4266 160.;
937 4193 1119 4254 ebdomadas
1154 4198 1249 4258 XXI:

177 4281 260 4349 ptum
279 4283 337 4332 est:
358 4270 425 4332 ibid.
450 4280 546 4357 .102)
565 4279 602 4336 Si
617 4296 690 4355 ergo
735 4275 873 4349 Darmst.;
893 4297 1000 4339 annum
1018 4280 1062 4339 1..·
1080 4277 1173 4343 Deos.

516 2634 551 2700 C.
570 2636 626 2699 LI.
670 2636 725 2701 De
742 2638 851 2730 eaden
868 2658 915 2702 re·
1011 2590 1014 2595 *
1109 2737 1113 2745 q

1287 4426 1291 4505 i
