2594 4898
416 367 498 451 App.
518 368 568 431 lll.
588 388 658 451 cup.
681 370 818 437 11-1v.
1081 373 1150 438 lbi

88 537 211 603 tardum
233 544 345 601 nutare
367 537 444 602 iecit
460 537 627 603 honestum
644 540 877 603 constitutionis
898 539 1050 622 edictum,
1078 542 1153 606 dnm

88 642 248 723 incognita
261 641 290 724 ⁸)
317 638 436 703 resolvi
460 648 601 720 putatur,
633 641 716 723 quod
742 640 953 705 indissolubili
980 646 1153 709 sanctionis

88 744 275 807 auctoritato
301 749 443 821 tenetur,
469 744 565 828 igitur
577 745 622 826 ⁹),
649 742 797 824 quidquid
824 743 952 807 obvium
970 766 1014 808 ex
1030 746 1153 810 incerto

88 846 235 922 occurrit,
255 843 418 907 evidenter
434 845 530 909 obiici
547 845 654 925 decet,
671 853 708 910 ut
725 846 765 910 de
783 854 892 910 cetero
909 845 989 911 nihil
1006 850 1152 928 supersit,

88 945 170 1027 quod
192 947 226 1009 iu
248 944 377 1010 dubium
400 954 536 1013 notetur.
580 947 736 1029 Ideoque,
760 950 787 1011 si
812 951 846 1011 in
875 947 1014 1028 qualibet
1038 935 1154 1013 minori

88 1056 194 1113 notate
217 1047 382 1133 religionis
406 1056 573 1113 tonsuram
599 1057 632 1113 et
650 1048 799 1134 religioni
821 1051 959 1115 debitam
981 1057 1104 1114 vestem
1120 1051 1154 1115 in

88 1157 221 1230 utroque
247 1171 329 1214 sexu
353 1148 428 1214 filiis
454 1160 511 1215 ant
530 1168 611 1215 unus
633 1159 689 1215 aut
710 1151 805 1215 ambo
826 1159 975 1233 parentes
996 1151 1153 1232 dederint,

88 1260 174 1316 carta
200 1259 256 1315 aut
280 1251 464 1325 nolentibus
491 1262 546 1317 aut
570 1253 784 1318 nescientibus
808 1276 845 1318 se
871 1261 1066 1335 susceptam,
1091 1255 1154 1317 nisi

88 1374 153 1417 non
167 1372 248 1419 mox
264 1355 369 1426 visam
385 1357 417 1419 in
436 1352 511 1419 filiis
529 1354 754 1434 abdicaverint,
773 1356 830 1420 sed
848 1355 899 1419 vel
916 1376 1023 1419 coram
1035 1378 1084 1434 ao,
1100 1353 1154 1418 vel

88 1476 196 1519 coram
222 1455 358 1520 ecclesia
381 1454 548 1537 palemque
573 1459 606 1519 in
634 1467 802 1534 conventu·
819 1458 947 1520 eosdem
967 1455 1054 1519 tilios
1075 1454 1154 1519 talia

88 1554 208 1623 bebere
220 1559 430 1637 permiserint,
449 1558 489 1620 ad
504 1556 679 1621 secularem
697 1561 815 1621 reverti
833 1558 975 1622 habitum
987 1561 1064 1638 ipsis
1077 1556 1153 1621 filiis

88 1658 338 1739 quandocunque
360 1662 483 1739 penitus
502 1680 565 1723 non
583 1658 708 1734 licebit,
732 1662 787 1724 sed
807 1662 959 1740 convicti,
979 1661 1061 1740 quod
1081 1668 1153 1723 ton·

88 1781 195 1825 suram
215 1769 270 1824 aut
290 1759 478 1844 religiosam·
491 1768 613 1824 vestem
630 1760 801 1842 aliqnando
820 1762 1001 1841 habuerint,
1017 1781 1094 1825 mox
1113 1762 1154 1824 ad

88 1861 250 1946 religionis
275 1861 394 1926 cultum
414 1862 621 1943 ⁴habitumque
647 1874 851 1941 revocentur,
882 1872 916 1928 et
940 1862 999 1927 sub
1025 1872 1154 1928 strenua

88 1964 283 2029 districtione
305 1962 396 2027 buius
418 1973 547 2029 sanctae
569 1965 793 2031 observantiae
815 1968 968 2029 inservire
990 1962 1154 2049 cogantur.

88 2065 277 2131 Parentibus
293 2088 370 2130 sane
383 2064 468 2133 filios
482 2086 557 2129 suos
569 2065 719 2149 religioni
731 2068 917 2130 contradere
930 2088 993 2130 non
1009 2066 1154 2146 amplior,

88 2189 184 2253 quam
213 2188 311 2247 usque
343 2169 382 2231 ad
410 2168 566 2232 decimum
594 2170 711 2231 aetatis
741 2188 858 2231 annum
884 2165 1014 2230 licentia
1039 2170 1156 2247 poterit

88 2292 175 2346 κως
198 2278 309 2350 postea
325 2292 417 2348 vero,
441 2288 483 2333 an
503 2268 667 2333 voluntate
689 2279 870 2350 pareutum,
892 2288 933 2331 an
955 2290 1034 2331 suae
1057 2268 1154 2331 devo-

88 2374 186 2439 ionis
208 2374 250 2435 sit
271 2371 445 2435 solitarium
469 2379 594 2449 votum,
617 2374 678 2434 erit
694 2368 768 2433 filiis
784 2367 905 2433 licitum
921 2369 1085 2453 religionis
1103 2390 1155 2432 as-

88 2495 216 2541 urmere
233 2472 361 2537 cultum.
385 2470 533 2553 Quisquis
551 2481 655 2535 antam
673 2471 726 2535 vel
744 2470 917 2536 abolitione
934 2480 1085 2551 tonsurae
1102 2471 1155 2534 vel

88 2571 241 2643 iocularis
262 2577 360 2637 vestis
382 2575 576 2637 assumtione
599 2573 741 2637 detectus
762 2574 857 2638 luerit
882 2576 1026 2656 attigisse
1051 2585 1155 2637 uana·

88 2677 300 2765 pressionem,
324 2676 659 2739 excommunicationis
681 2695 845 2740 censuram
866 2677 1001 2755 accipiet
1027 2683 1062 2739 et
1081 2664 1174 2740 rdb'

88 2779 176 2867 [iord
192 2797 318 2857 semper
335 2776 508 2841 inhaereat.
613 2800 616 2805 ·

318 2961 355 3026 C.
376 2960 434 3025 lv.
477 2960 537 3028 Ex
558 2947 700 3067 d'mctlio
719 2963 870 3031 Toletano
882 2958 923 3048 d).

174 3099 238 3178 Ea,
257 3122 338 3180 quae
354 3106 534 3179 competunt
547 3099 663 3162 sanctis
676 3103 802 3163 statutis
812 3103 874 3184 ¹⁰),
893 3103 1046 3184 contingit
1058 3118 1156 3180 saepo

88 3202 287 3288 quorundam
309 3200 431 3265 desidia
453 3222 517 3264 non
539 3199 677 3280 impleri,
703 3201 836 3280 proinde
857 3202 930 3278 quia
956 3208 1067 3262 notum
1092 3210 1154 3279 est,

88 3328 172 3392 quae
196 3305 330 3387 dignitas
351 3306 384 3366 in
407 3304 548 3382 exequiis
570 3303 733 3365 morientis
754 3303 892 3381 episcopi
915 3300 958 3363 ex
981 3299 1155 3363 canonibus

88 3416 295 3476 conservetur
312 3406 482 3468 traditione
500 3405 596 3467 moria
615 3405 747 3483 antiqui,
765 3401 826 3465 boc
843 3412 964 3466 tantum
981 3402 1155 3480 adiicimua,

88 3523 140 3593 ut,
169 3511 199 3572 si
220 3511 291 3589 quis
317 3500 516 3573 sacerdotum
537 3507 709 3570 secundum
734 3513 854 3569 statuta
875 3501 1154 3588 Valentini¹¹)†)

88 3609 219 3682 concilii
247 3610 285 3673 ad
313 3608 471 3673 humanda
501 3608 681 3671 decedentis
712 3606 848 3686 episcopi
878 3604 1021 3668 membra
1045 3606 1155 3668 venire

88 3758 303 3779 W

161 3856 191 3902 c.
208 3854 250 3899 lv.
285 3847 312 3911 d)
331 3854 409 3901 conc.
421 3850 506 3899 Tolet.
514 3850 568 3897 v11.
573 3880 581 3911 ,
600 3849 658 3896 hab.
671 3858 730 3895 ann.
744 3848 816 3909 646„
835 3861 858 3895 e.
873 3849 896 3896 3.
909 3873 938 3883 -
949 3846 1042 3895 Burcb.
1056 3848 1074 3893 l.
1088 3842 1156 3897 216..

88 3929 167 3975 Deer.
175 3923 208 3970 V.
218 3922 274 3968 330.
285 3917 344 3984 (Bb.

221 4034 250 4089 γ)
264 4032 317 4077 nac
339 4045 396 4075 m.
409 4034 455 4074 scs.
470 4042 490 4074 e.
504 4031 525 4074 s.

135 4144 171 4202 C.
196 4140 247 4200 ΙΙΙ.
275 4139 309 4220 8)
322 4141 498 4200 'incondr'tee
523 4137 603 4216 llisp.
692 4138 724 4196 C.
744 4132 794 4195 Ν.
819 4141 870 4208 10)
890 4134 1054 4195 honestati:
1074 4133 1153 4210 Hisp.

88 4236 124 4304 9)
155 4229 243 4286 tileo:
273 4224 379 4284 Burob.
407 4222 495 4283 Deer.
523 4223 602 4296 Pan,
649 4222 798 4281 Colloitt.
824 4227 875 4294 11)
888 4218 1055 4280 Volletanic
1074 4217 1153 4293 llisp.

91 4317 188 4374 odeo.-
206 4310 287 4395 llisp.
877 4403 942 4462 29*
1104 4348 1107 4353 -

88 4630 99 4723 q
163 4673 166 4678 .
