2594 4898
92 408 96 415 ,
154 293 159 302 ’
184 315 251 380 rao
465 311 630 375 uncino
650 311 783 373 eman
802 311 973 374 narnus.

176 486 244 568 odo,
271 505 330 549 nec
355 486 517 564 vitupero,
544 483 689 548 omnihus
718 491 825 548 tamen
848 483 1014 547 dominicis
1037 481 1151 547 diebus
1170 505 1253 548 com·

184 587 406 652 municandum
431 586 553 650 hortor.
599 585 634 650 si
661 594 766 650 tamen
793 607 881 650 mens
902 587 936 648 in
959 585 1080 648 affectu
1105 588 1255 667 peccandi

187 695 256 769 est,
286 691 414 774 gravari
445 691 546 773 magis
578 690 649 752 dico
677 688 888 751 eucharistiae
914 689 1135 768 perceptione,
1163 711 1255 770 quam

185 789 357 874 purificari.
401 790 444 854 Et
461 776 557 872 ideo,
575 793 716 871 quamvis
735 792 802 871 quis
820 798 951 871 peceato
968 790 1170 871 mordeatur,
1189 814 1255 871 pec

188 895 280 958 candi
298 916 361 956 non
378 892 497 958 hahe'at
513 894 552 958 de
571 900 678 957 cetero
696 892 903 970 voluntatem,
923 899 956 954 et
970 894 1254 957 communicaturos

188 997 366 1059 satisfaciat
387 995 538 1078 lacrymis
561 1003 594 1059 et
616 994 813 1058 orationihus
837 1002 870 1057 et
885 991 1050 1056 confidens
1069 995 1110 1057 de
1128 992 1255 1059 Domini

187 1099 390 1163 miseratione
405 1098 493 1182 ⁵⁷⁶),
516 1098 648 1162 accedat
665 1097 705 1160 ad
723 1097 945 1159 eucharistiam
962 1097 1138 1177 intrepidus
1158 1105 1192 1160 et
1208 1119 1255 1160 se-

188 1222 290 1264 curus.
335 1200 400 1265 Sed
423 1200 483 1264 hoe
506 1200 546 1263 de
568 1199 625 1262 ilio
648 1200 735 1278 dico,
763 1219 854 1279 quem
876 1197 1025 1271 mortalia
1041 1206 1176 1280 peccata
1193 1221 1254 1263 non

187 1311 331 1390 gravant.
634 1354 636 1360 .
1149 1323 1173 1369 s

446 1473 482 1538 C.
499 1471 705 1539 CCCXXX.
753 1472 806 1540 De
823 1475 932 1540 eaden
949 1496 996 1538 re.

363 1609 457 1674 Item
481 1609 711 1694 Augustinus
738 1613 783 1676 ad
809 1610 1077 1692 Ianuarium).

274 1725 406 1792 Dixerit
427 1730 595 1809 quispiam,
622 1750 684 1793 uon
708 1731 847 1812 quotidie
873 1729 1086 1809 accipiendam
1114 1726 1257 1792 euchari-

190 1831 294 1910 stiam,
323 1829 402 1894 alius
429 1829 580 1910 affirmet,
607 1833 762 1911 quotidie,·
792 1832 891 1896 faciat
915 1833 1144 1912 unusquisque,
1178 1831 1258 1911 quod

191 1933 362 1996 seeundum
387 1929 484 1996 fidem
510 1955 600 1996 suam
621 1936 673 2014 pie
696 1934 800 1997 credit
817 1956 888 1997 esse
910 1934 1102 1998 faciendum.
1147 1931 1258 2014 Neque

191 2037 275 2098 enim
300 2032 509 2119 litigaverunt
528 2037 613 2098 inter
638 2057 689 2115 se,
717 2043 772 2100 aut
793 2039 957 2116 quisquam
978 2058 1086 2099 eorum
1110 2057 1146 2099 se
1169 2035 1258 2099 alteri

189 2140 391 2217 praeposuit,
422 2135 587 2221 Zachaeus
614 2145 647 2202 et
671 2137 727 2201 ille
754 2141 916 2218 centurio,
944 2160 1015 2202 eum
1041 2137 1123 2202 aiter
1150 2160 1258 2202 eorum

190 2239 331 2323 gaudens
348 2240 381 2301 in
399 2239 493 2302 domo
512 2261 569 2302 sua
586 2241 759 2320 susceperit
775 2237 959 2320 Dominum,
978 2239 1061 2304 alter
1078 2240 1257 2325 dixerit†):

191 2339 337 2420 Domine,
356 2361 418 2404 non
434 2334 500 2405 annis
518 2342 644 2427 dignus,
661 2351 702 2407 ni
716 2349 818 2407 intres
835 2341 890 2407 cni
909 2352 1026 2407 tectam
1038 2363 1148 2421 menn,
1168 2343 1258 2406 ambo

105 2439 107 2442 ’
191 2441 383 2508 salvatorem
409 2442 673 2524 honorificantes,
701 2447 842 2525 quamvis
860 2466 924 2509 non
941 2466 1005 2507 uuo
1025 2447 1138 2525 modo,
1166 2445 1257 2509 ambo

190 2548 328 2627 peccatis
354 2548 476 2624 miseri,
508 2546 601 2610 ambo
627 2547 875 2610 misericordiam
901 2549 1072 2611 consecuti.
1122 2546 1174 2611 Ad
1202 2547 1258 2610 hoc

190 2646 292 2722 valet,
319 2648 402 2728 quod
424 2671 541 2711 manna
562 2651 734 2712 seeundum
756 2651 914 2730 propriam
935 2649 1136 2713 voluntatem
1154 2650 1188 2712 in
1206 2670 1257 2711 ore

191 2751 340 2832 cuiusque
358 2750 511 2831 sapiebat.
530 2832 537 2842 Δ

107 2955 183 3000 rso·
286 2936 323 3001 C.
343 2935 564 3002 CCCXXXI.
609 2937 662 3003 De
680 2940 851 3024 diligentia
869 2947 1009 3024 corporis
1026 2937 1168 3004 Domini.

387 3073 445 3138 Ex
463 3074 629 3156 epistola
656 3075 866 3141 Clementis
888 3074 1061 3160 rapaci).

277 3190 373 3258 Certe
391 3202 480 3293 tanta
498 3197 528 3257 in
546 3195 640 3259 altari
657 3194 844 3259 holocausta
862 3196 1048 3274 offerantur,
1072 3203 1192 3274 quanta
1208 3217 1260 3274 po-

190 3293 264 3376 pulo
283 3294 425 3359 sufficere
443 3297 589 3361 debeant.
636 3296 758 3372 Quodsi
780 3299 1004 3376 remanserint,
1032 3298 1065 3360 in
1090 3300 1260 3360 erastinum

181 3419 254 3461 non
280 3408 497 3480 reserventur,
528 3400 584 3463 sed
611 3422 681 3464 cum
708 3402 821 3464 timore
848 3406 881 3464 et
906 3407 1045 3462 tremore
1075 3397 1260 3463 clericorum

191 3545 405 3557 ———.

260 3627 287 3672 C.
299 3626 446 3681 CCCXXX.
465 3626 491 3686 c)
500 3627 608 3685 August.
619 3640 659 3684 ep.
670 3628 728 3674 118.
741 3640 762 3673 e.
773 3627 836 3672 3.-
844 3627 968 3683 Excerpt.
979 3637 1012 3671 ex
1019 3624 1083 3671 coti.
1093 3624 1153 3672 vit.
1164 3640 1188 3674 e.
1199 3629 1261 3672 1.-

191 3692 285 3739 Burch.
305 3695 334 3738 V.
353 3695 393 3738 16.
413 3693 479 3753 (11.),
499 3695 573 3740 Deer.
589 3696 617 3741 ΙΙ.
633 3697 675 3741 26.
690 3695 755 3756 (a),
778 3696 838 3742 Pan.
853 3695 886 3742 iu.
906 3694 962 3754 (D.)
968 3725 976 3754 ,
994 3693 1061 3741 Dist.
1079 3695 1110 3738 11.
1133 3693 1175 3741 De
1193 3707 1260 3741 eous.

191 3774 214 3809 e.
225 3763 265 3808 13.
279 3757 304 3824 §.
314 3762 332 3808 1.
343 3759 407 3819 (0.).

259 3831 286 3874 c.
306 3828 464 3874 cccxxxi.
500 3828 527 3889 d)
538 3832 621 3888 Caput
631 3830 819 3878 Pseudoisidor.
838 3830 882 3890 (ex
893 3844 932 3890 ep.
944 3831 972 3877 ΙΙ.
983 3829 1014 3876 ad
1024 3792 1260 3876 tricensimum

191 3894 223 3941 de
240 3895 350 3942 sacratis
368 3896 482 3942 restibus
497 3896 523 3943 e't
541 3899 629 3957 vasis).
647 3925 682 3935 -
700 3899 794 3949 Bureh.
814 3901 844 3946 V.
862 3902 903 3946 11.
922 3899 989 3960 (a),
1008 3898 1086 3944 Dect.
1102 3900 1134 3943 11.
1150 3899 1192 3944 21.
1204 3899 1260 3961 (aa,

191 3962 281 4011 Paul.
292 3965 349 4012 149.
360 3963 427 4024 (D.),
446 3964 512 4010 Diri.
522 3967 552 4013 11.
562 3965 621 4014 ibid.
631 3981 652 4014 c.
663 3969 704 4014 2³.

319 4075 348 4131 †)
361 4073 451 4119 masin
466 4089 487 4121 c.
501 4078 521 4120 8.
536 4089 557 4119 v.
572 4080 592 4120 8.
639 4053 646 4064 “

219 4198 251 4257 C.
264 4198 445 4260 cccxxix.
465 4199 703 4275 iruniensis
748 4203 811 4285 Bal,

195 4283 288 4346 Codd.
305 4287 597 4350 Deimisericordia:
609 4288 683 4349 Hild.
