<?xml version="1.0" encoding="UTF-8"?>
<!DOCTYPE html PUBLIC "-//W3C//DTD XHTML 1.0 Transitional//EN"
    "http://www.w3.org/TR/xhtml1/DTD/xhtml1-transitional.dtd">
<html xmlns="http://www.w3.org/1999/xhtml" xml:lang="en" lang="en">
 <head>
  <title>
</title>
<meta http-equiv="Content-Type" content="text/html;charset=utf-8" />
  <meta name='ocr-system' content='tesseract 3.04.00' />
  <meta name='ocr-capabilities' content='ocr_page ocr_carea ocr_par ocr_line ocrx_word'/>
</head>
<body>
  <div class='ocr_page' id='page_1' title='image "./reginonisabbati00wassgoog_0223.png"; bbox 0 0 2594 4898; ppageno 0'>
   <div class='ocr_carea' id='block_1_1' title="bbox 186 274 979 379">
    <p class='ocr_par' dir='ltr' id='par_1_1' title="bbox 186 274 979 379">
     <span class='ocr_line' id='line_1_1' title="bbox 186 274 979 379; baseline -0.008 -3"><span class='ocrx_word' id='word_1_1' title='bbox 186 310 255 379; x_wconf 86' lang='lat' dir='ltr'><strong>roe</strong></span> <span class='ocrx_word' id='word_1_2' title='bbox 468 274 786 374; x_wconf 79' lang='lat' dir='ltr'><strong>ncoruourenn</strong></span> <span class='ocrx_word' id='word_1_3' title='bbox 808 310 979 373; x_wconf 78' lang='lat' dir='ltr'><strong>curuos.</strong></span> 
     </span>
    </p>
   </div>
   <div class='ocr_carea' id='block_1_2' title="bbox 126 475 1204 563">
    <p class='ocr_par' dir='ltr' id='par_1_2' title="bbox 126 475 1204 563">
     <span class='ocr_line' id='line_1_2' title="bbox 126 475 1204 563; baseline 0.003 -21"><span class='ocrx_word' id='word_1_4' title='bbox 126 495 176 542; x_wconf 76' lang='lat' dir='ltr'><strong>seo</strong></span> <span class='ocrx_word' id='word_1_5' title='bbox 357 478 395 544; x_wconf 83' lang='lat' dir='ltr'><strong>C.</strong></span> <span class='ocrx_word' id='word_1_6' title='bbox 414 475 590 544; x_wconf 78' lang='lat' dir='ltr'><strong>ccccxl.</strong></span> <span class='ocrx_word' id='word_1_7' title='bbox 634 477 689 545; x_wconf 85' lang='lat' dir='ltr'><strong>De</strong></span> <span class='ocrx_word' id='word_1_8' title='bbox 711 482 914 545; x_wconf 72' lang='lat' dir='ltr'><strong>ecclesiarum</strong></span> <span class='ocrx_word' id='word_1_9' title='bbox 931 485 1030 545; x_wconf 64' lang='lat' dir='ltr'><strong>emove</strong></span> <span class='ocrx_word' id='word_1_10' title='bbox 1043 475 1082 563; x_wconf 80' lang='grc' dir='ltr'><strong>ἰ).</strong></span> <span class='ocrx_word' id='word_1_11' title='bbox 1194 522 1204 533; x_wconf 83' lang='grc'>-</span> 
     </span>
    </p>
   </div>
   <div class='ocr_carea' id='block_1_3' title="bbox 77 614 1291 1619">
    <p class='ocr_par' dir='ltr' id='par_1_3' title="bbox 154 614 1291 1004">
     <span class='ocr_line' id='line_1_3' title="bbox 154 614 1251 682; baseline 0.004 -4"><span class='ocrx_word' id='word_1_12' title='bbox 154 620 157 625; x_wconf 85' lang='grc'><strong>“</strong></span> <span class='ocrx_word' id='word_1_13' title='bbox 270 614 322 679; x_wconf 91' lang='lat' dir='ltr'><strong>De</strong></span> <span class='ocrx_word' id='word_1_14' title='bbox 340 615 547 680; x_wconf 85' lang='lat' dir='ltr'><strong>ecelesiarum</strong></span> <span class='ocrx_word' id='word_1_15' title='bbox 564 637 642 679; x_wconf 89' lang='lat' dir='ltr'><strong>vero</strong></span> <span class='ocrx_word' id='word_1_16' title='bbox 660 617 761 679; x_wconf 89' lang='lat' dir='ltr'><strong>servis</strong></span> <span class='ocrx_word' id='word_1_17' title='bbox 780 618 937 679; x_wconf 90' lang='lat' dir='ltr'><strong>communi</strong></span> <span class='ocrx_word' id='word_1_18' title='bbox 954 619 1115 680; x_wconf 89' lang='lat' dir='ltr'><strong>sententia</strong></span> <span class='ocrx_word' id='word_1_19' title='bbox 1134 625 1186 682; x_wconf 87' lang='lat' dir='ltr'><strong>est</strong></span> <span class='ocrx_word' id='word_1_20' title='bbox 1202 619 1251 682; x_wconf 89' lang='lat' dir='ltr'><strong>de·</strong></span> 
     </span>
     <span class='ocr_line' id='line_1_4' title="bbox 185 716 1251 802; baseline 0.002 -20"><span class='ocrx_word' id='word_1_21' title='bbox 185 724 318 796; x_wconf 85' lang='lat' dir='ltr'><strong>cretum,</strong></span> <span class='ocrx_word' id='word_1_22' title='bbox 344 726 380 782; x_wconf 93' lang='lat' dir='ltr'><strong>ut</strong></span> <span class='ocrx_word' id='word_1_23' title='bbox 403 718 630 798; x_wconf 80' lang='lat' dir='ltr'><strong>archiepiscopi</strong></span> <span class='ocrx_word' id='word_1_24' title='bbox 651 740 708 798; x_wconf 90' lang='lat' dir='ltr'><strong>per</strong></span> <span class='ocrx_word' id='word_1_25' title='bbox 729 716 869 802; x_wconf 83' lang='lat' dir='ltr'><strong>singulas</strong></span> <span class='ocrx_word' id='word_1_26' title='bbox 890 721 1067 798; x_wconf 88' lang='lat' dir='ltr'><strong>provincias</strong></span> <span class='ocrx_word' id='word_1_27' title='bbox 1090 722 1251 784; x_wconf 89' lang='lat' dir='ltr'><strong>constituti</strong></span> 
     </span>
     <span class='ocr_line' id='line_1_5' title="bbox 186 809 1291 906; baseline 0.002 -22"><span class='ocrx_word' id='word_1_28' title='bbox 186 828 329 902; x_wconf 83' lang='lat' dir='ltr'><strong>nostram</strong></span> <span class='ocrx_word' id='word_1_29' title='bbox 346 823 583 899; x_wconf 82' lang='lat' dir='ltr'><strong>auctoritatem,</strong></span> <span class='ocrx_word' id='word_1_30' title='bbox 606 809 805 906; x_wconf 71' lang='lat' dir='ltr'><strong>suffraganei</strong></span> <span class='ocrx_word' id='word_1_31' title='bbox 818 827 923 882; x_wconf 88' lang='lat' dir='ltr'><strong>autern</strong></span> <span class='ocrx_word' id='word_1_32' title='bbox 940 819 1068 884; x_wconf 91' lang='lat' dir='ltr'><strong>illorum</strong></span> <span class='ocrx_word' id='word_1_33' title='bbox 1087 821 1252 903; x_wconf 76' lang='lat' dir='ltr'><strong>exemplar</strong></span> <span class='ocrx_word' id='word_1_34' title='bbox 1289 854 1291 861; x_wconf 95' lang='lat'>·</span> 
     </span>
     <span class='ocr_line' id='line_1_6' title="bbox 185 921 1251 1004; baseline 0 -18"><span class='ocrx_word' id='word_1_35' title='bbox 185 921 271 987; x_wconf 89' lang='lat' dir='ltr'><strong>illius</strong></span> <span class='ocrx_word' id='word_1_36' title='bbox 296 945 393 1004; x_wconf 89' lang='lat' dir='ltr'><strong>penes</strong></span> <span class='ocrx_word' id='word_1_37' title='bbox 419 944 454 987; x_wconf 90' lang='lat' dir='ltr'><strong>se</strong></span> <span class='ocrx_word' id='word_1_38' title='bbox 476 921 627 986; x_wconf 76' lang='lat' dir='ltr'><strong>habeant.</strong></span> <span class='ocrx_word' id='word_1_39' title='bbox 671 921 714 987; x_wconf 85' lang='lat' dir='ltr'><strong>Et</strong></span> <span class='ocrx_word' id='word_1_40' title='bbox 736 922 985 1003; x_wconf 81' lang='lat' dir='ltr'><strong>quandocunque</strong></span> <span class='ocrx_word' id='word_1_41' title='bbox 1002 922 1042 985; x_wconf 89' lang='lat' dir='ltr'><strong>de</strong></span> <span class='ocrx_word' id='word_1_42' title='bbox 1061 923 1187 987; x_wconf 87' lang='lat' dir='ltr'><strong>familia</strong></span> <span class='ocrx_word' id='word_1_43' title='bbox 1204 944 1251 986; x_wconf 89' lang='lat' dir='ltr'><strong>ee·</strong></span> 
     </span>
    </p>

    <p class='ocr_par' dir='ltr' id='par_1_4' title="bbox 167 1016 1291 1314">
     <span class='ocr_line' id='line_1_7' title="bbox 167 1016 1250 1113; baseline -0.002 -24"><span class='ocrx_word' id='word_1_44' title='bbox 167 1022 303 1113; x_wconf 38' lang='lat' dir='ltr'><strong>,clesiae</strong></span> <span class='ocrx_word' id='word_1_45' title='bbox 324 1025 410 1089; x_wconf 89' lang='lat' dir='ltr'><strong>utilis</strong></span> <span class='ocrx_word' id='word_1_46' title='bbox 432 1027 577 1089; x_wconf 88' lang='lat' dir='ltr'><strong>inventus</strong></span> <span class='ocrx_word' id='word_1_47' title='bbox 604 1024 717 1105; x_wconf 87' lang='lat' dir='ltr'><strong>aliquis</strong></span> <span class='ocrx_word' id='word_1_48' title='bbox 744 1024 937 1087; x_wconf 86' lang='lat' dir='ltr'><strong>ordinandus</strong></span> <span class='ocrx_word' id='word_1_49' title='bbox 965 1016 1028 1103; x_wconf 85' lang='lat' dir='ltr'><strong>est,</strong></span> <span class='ocrx_word' id='word_1_50' title='bbox 1057 1027 1089 1088; x_wconf 92' lang='lat' dir='ltr'><strong>in</strong></span> <span class='ocrx_word' id='word_1_51' title='bbox 1116 1021 1250 1089; x_wconf 75' lang='lat' dir='ltr'><strong>ambone</strong></span> 
     </span>
     <span class='ocr_line' id='line_1_8' title="bbox 186 1110 1291 1208; baseline 0 -17"><span class='ocrx_word' id='word_1_52' title='bbox 186 1129 553 1208; x_wconf 84' lang='lat' dir='ltr'><strong>ipsaauctoritascorain</strong></span> <span class='ocrx_word' id='word_1_53' title='bbox 569 1126 684 1208; x_wconf 90' lang='lat' dir='ltr'><strong>populo</strong></span> <span class='ocrx_word' id='word_1_54' title='bbox 703 1125 838 1208; x_wconf 80' lang='lat' dir='ltr'><strong>legatur,</strong></span> <span class='ocrx_word' id='word_1_55' title='bbox 858 1133 891 1188; x_wconf 85' lang='lat' dir='ltr'><strong>et</strong></span> <span class='ocrx_word' id='word_1_56' title='bbox 909 1110 1015 1188; x_wconf 86' lang='lat' dir='ltr'><strong>coram</strong></span> <span class='ocrx_word' id='word_1_57' title='bbox 1033 1127 1249 1191; x_wconf 84' lang='lat' dir='ltr'><strong>sacerdotibus</strong></span> <span class='ocrx_word' id='word_1_58' title='bbox 1289 1164 1291 1179; x_wconf 70' lang='grc' dir='ltr'>ι</span> 
     </span>
     <span class='ocr_line' id='line_1_9' title="bbox 186 1227 1250 1314; baseline -0.003 -18"><span class='ocrx_word' id='word_1_59' title='bbox 186 1239 220 1297; x_wconf 90' lang='lat' dir='ltr'><strong>et</strong></span> <span class='ocrx_word' id='word_1_60' title='bbox 246 1233 332 1295; x_wconf 89' lang='lat' dir='ltr'><strong>omni</strong></span> <span class='ocrx_word' id='word_1_61' title='bbox 362 1230 539 1314; x_wconf 67' lang='lat'><strong>01010611)</strong></span> <span class='ocrx_word' id='word_1_62' title='bbox 576 1238 650 1292; x_wconf 84' lang='lat' dir='ltr'><strong>ente</strong></span> <span class='ocrx_word' id='word_1_63' title='bbox 677 1249 785 1309; x_wconf 85' lang='lat' dir='ltr'><strong>cornu</strong></span> <span class='ocrx_word' id='word_1_64' title='bbox 800 1227 931 1306; x_wconf 88' lang='lat' dir='ltr'><strong>altaris,</strong></span> <span class='ocrx_word' id='word_1_65' title='bbox 966 1230 1048 1290; x_wconf 89' lang='lat' dir='ltr'><strong>sicut</strong></span> <span class='ocrx_word' id='word_1_66' title='bbox 1078 1231 1112 1292; x_wconf 93' lang='lat' dir='ltr'><strong>in</strong></span> <span class='ocrx_word' id='word_1_67' title='bbox 1145 1237 1250 1293; x_wconf 84' lang='lat' dir='ltr'><strong>nostre</strong></span> 
     </span>
    </p>

    <p class='ocr_par' dir='ltr' id='par_1_5' title="bbox 77 1327 1251 1619">
     <span class='ocr_line' id='line_1_10' title="bbox 77 1327 1251 1411; baseline -0.006 -10"><span class='ocrx_word' id='word_1_68' title='bbox 77 1350 79 1355; x_wconf 76' lang='grc'>’</span> <span class='ocrx_word' id='word_1_69' title='bbox 186 1335 374 1400; x_wconf 83' lang='lat' dir='ltr'><strong>auctoritate</strong></span> <span class='ocrx_word' id='word_1_70' title='bbox 396 1335 590 1411; x_wconf 74' lang='lat' dir='ltr'><strong>continetur,</strong></span> <span class='ocrx_word' id='word_1_71' title='bbox 612 1336 736 1394; x_wconf 87' lang='lat' dir='ltr'><strong>remota</strong></span> <span class='ocrx_word' id='word_1_72' title='bbox 758 1327 898 1409; x_wconf 86' lang='lat' dir='ltr'><strong>qualibet</strong></span> <span class='ocrx_word' id='word_1_73' title='bbox 923 1328 1107 1409; x_wconf 84' lang='lat' dir='ltr'><strong>calliditate,</strong></span> <span class='ocrx_word' id='word_1_74' title='bbox 1126 1328 1251 1394; x_wconf 86' lang='lat' dir='ltr'><strong>liberta·</strong></span> 
     </span>
     <span class='ocr_line' id='line_1_11' title="bbox 185 1430 1250 1516; baseline -0.002 -16"><span class='ocrx_word' id='word_1_75' title='bbox 185 1444 251 1500; x_wconf 87' lang='lat' dir='ltr'><strong>tem</strong></span> <span class='ocrx_word' id='word_1_76' title='bbox 276 1443 486 1516; x_wconf 86' lang='lat' dir='ltr'><strong>consequatur</strong></span> <span class='ocrx_word' id='word_1_77' title='bbox 512 1442 544 1498; x_wconf 90' lang='lat' dir='ltr'><strong>et</strong></span> <span class='ocrx_word' id='word_1_78' title='bbox 569 1442 643 1498; x_wconf 90' lang='lat' dir='ltr'><strong>tunc</strong></span> <span class='ocrx_word' id='word_1_79' title='bbox 670 1432 795 1496; x_wconf 91' lang='lat' dir='ltr'><strong>demum</strong></span> <span class='ocrx_word' id='word_1_80' title='bbox 821 1432 861 1495; x_wconf 89' lang='lat' dir='ltr'><strong>ed</strong></span> <span class='ocrx_word' id='word_1_81' title='bbox 883 1431 999 1516; x_wconf 67' lang='lat' dir='ltr'><strong>gradem</strong></span> <span class='ocrx_word' id='word_1_82' title='bbox 1018 1430 1250 1498; x_wconf 80' lang='lat' dir='ltr'><strong>ecclesiasticos</strong></span> 
     </span>
     <span class='ocr_line' id='line_1_12' title="bbox 184 1545 818 1619; baseline -0.008 -17"><span class='ocrx_word' id='word_1_83' title='bbox 184 1545 418 1619; x_wconf 82' lang='lat' dir='ltr'><strong>promoveatur.</strong></span> <span class='ocrx_word' id='word_1_84' title='bbox 816 1545 818 1553; x_wconf 90' lang='lat'>&#39;</span> 
     </span>
    </p>
   </div>
   <div class='ocr_carea' id='block_1_4' title="bbox 112 1687 1139 1797">
    <p class='ocr_par' dir='ltr' id='par_1_6' title="bbox 112 1687 1139 1797">
     <span class='ocr_line' id='line_1_13' title="bbox 112 1687 1139 1797; baseline 0.005 -27"><span class='ocrx_word' id='word_1_85' title='bbox 112 1687 178 1771; x_wconf 76' lang='lat' dir='ltr'><strong>&#39;no</strong></span> <span class='ocrx_word' id='word_1_86' title='bbox 307 1707 345 1772; x_wconf 85' lang='lat' dir='ltr'><strong>o.</strong></span> <span class='ocrx_word' id='word_1_87' title='bbox 364 1706 559 1773; x_wconf 87' lang='lat' dir='ltr'><strong>ccccxu.</strong></span> <span class='ocrx_word' id='word_1_88' title='bbox 602 1706 657 1775; x_wconf 70' lang='lat' dir='ltr'><strong>oe</strong></span> <span class='ocrx_word' id='word_1_89' title='bbox 673 1716 933 1776; x_wconf 64' lang='lat' dir='ltr'><strong>...luteorum</strong></span> <span class='ocrx_word' id='word_1_90' title='bbox 941 1710 1086 1789; x_wconf 67' lang='lat' dir='ltr'><strong>fanum</strong></span> <span class='ocrx_word' id='word_1_91' title='bbox 1094 1704 1139 1797; x_wconf 58' lang='grc' dir='ltr'><strong>1ι).</strong></span> 
     </span>
    </p>
   </div>
   <div class='ocr_carea' id='block_1_5' title="bbox 185 1843 1250 2234">
    <p class='ocr_par' dir='ltr' id='par_1_7' title="bbox 185 1843 1250 2234">
     <span class='ocr_line' id='line_1_14' title="bbox 273 1843 1250 1935; baseline 0.003 -28"><span class='ocrx_word' id='word_1_92' title='bbox 273 1843 427 1935; x_wconf 76' lang='lat' dir='ltr'><strong>Similiter</strong></span> <span class='ocrx_word' id='word_1_93' title='bbox 453 1866 575 1926; x_wconf 90' lang='lat' dir='ltr'><strong>quoque</strong></span> <span class='ocrx_word' id='word_1_94' title='bbox 602 1846 642 1910; x_wconf 89' lang='lat' dir='ltr'><strong>de</strong></span> <span class='ocrx_word' id='word_1_95' title='bbox 667 1845 716 1910; x_wconf 92' lang='lat' dir='ltr'><strong>bis</strong></span> <span class='ocrx_word' id='word_1_96' title='bbox 744 1847 901 1930; x_wconf 84' lang='lat' dir='ltr'><strong>egendum</strong></span> <span class='ocrx_word' id='word_1_97' title='bbox 929 1853 991 1924; x_wconf 84' lang='lat' dir='ltr'><strong>est,</strong></span> <span class='ocrx_word' id='word_1_98' title='bbox 1020 1867 1098 1926; x_wconf 91' lang='lat' dir='ltr'><strong>quos</strong></span> <span class='ocrx_word' id='word_1_99' title='bbox 1122 1846 1198 1910; x_wconf 86' lang='lat' dir='ltr'><strong>laici</strong></span> <span class='ocrx_word' id='word_1_100' title='bbox 1215 1847 1250 1910; x_wconf 90' lang='lat' dir='ltr'><strong>de</strong></span> 
     </span>
     <span class='ocr_line' id='line_1_15' title="bbox 185 1946 1249 2027; baseline -0.001 -17"><span class='ocrx_word' id='word_1_101' title='bbox 185 1946 307 2011; x_wconf 83' lang='lat' dir='ltr'><strong>familia</strong></span> <span class='ocrx_word' id='word_1_102' title='bbox 324 1946 528 2011; x_wconf 86' lang='lat' dir='ltr'><strong>ecclesiarum</strong></span> <span class='ocrx_word' id='word_1_103' title='bbox 545 1948 584 2010; x_wconf 90' lang='lat' dir='ltr'><strong>ad</strong></span> <span class='ocrx_word' id='word_1_104' title='bbox 607 1971 714 2013; x_wconf 87' lang='lat' dir='ltr'><strong>sacros</strong></span> <span class='ocrx_word' id='word_1_105' title='bbox 734 1950 860 2011; x_wconf 82' lang='lat' dir='ltr'><strong>ordines</strong></span> <span class='ocrx_word' id='word_1_106' title='bbox 881 1969 1069 2027; x_wconf 88' lang='lat' dir='ltr'><strong>promovere</strong></span> <span class='ocrx_word' id='word_1_107' title='bbox 1086 1947 1249 2012; x_wconf 86' lang='lat' dir='ltr'><strong>voluerint.</strong></span> 
     </span>
     <span class='ocr_line' id='line_1_16' title="bbox 187 2047 1250 2131; baseline -0.001 -19"><span class='ocrx_word' id='word_1_108' title='bbox 187 2047 252 2112; x_wconf 85' lang='lat' dir='ltr'><strong>Sed</strong></span> <span class='ocrx_word' id='word_1_109' title='bbox 270 2056 303 2112; x_wconf 92' lang='lat' dir='ltr'><strong>et</strong></span> <span class='ocrx_word' id='word_1_110' title='bbox 321 2048 360 2111; x_wconf 92' lang='lat' dir='ltr'><strong>de</strong></span> <span class='ocrx_word' id='word_1_111' title='bbox 382 2048 447 2129; x_wconf 90' lang='lat' dir='ltr'><strong>bis,</strong></span> <span class='ocrx_word' id='word_1_112' title='bbox 471 2071 549 2130; x_wconf 91' lang='lat' dir='ltr'><strong>quos</strong></span> <span class='ocrx_word' id='word_1_113' title='bbox 575 2052 747 2131; x_wconf 80' lang='lat' dir='ltr'><strong>praepositi</strong></span> <span class='ocrx_word' id='word_1_114' title='bbox 769 2052 992 2114; x_wconf 88' lang='lat' dir='ltr'><strong>canonicorum</strong></span> <span class='ocrx_word' id='word_1_115' title='bbox 1011 2058 1065 2113; x_wconf 88' lang='lat' dir='ltr'><strong>aut</strong></span> <span class='ocrx_word' id='word_1_116' title='bbox 1082 2050 1250 2114; x_wconf 83' lang='lat' dir='ltr'><strong>monacho·</strong></span> 
     </span>
     <span class='ocr_line' id='line_1_17' title="bbox 185 2137 1192 2234; baseline 0.002 -19"><span class='ocrx_word' id='word_1_117' title='bbox 185 2171 255 2215; x_wconf 86' lang='lat' dir='ltr'><strong>mm</strong></span> <span class='ocrx_word' id='word_1_118' title='bbox 273 2151 465 2216; x_wconf 86' lang='lat' dir='ltr'><strong>ordinandos</strong></span> <span class='ocrx_word' id='word_1_119' title='bbox 484 2154 690 2234; x_wconf 76' lang='lat' dir='ltr'><strong>expetierint,</strong></span> <span class='ocrx_word' id='word_1_120' title='bbox 709 2137 825 2224; x_wconf 48' lang='lat' dir='ltr'><strong>eadem,</strong></span> <span class='ocrx_word' id='word_1_121' title='bbox 836 2153 939 2215; x_wconf 79' lang='lat' dir='ltr'><strong>sonna</strong></span> <span class='ocrx_word' id='word_1_122' title='bbox 956 2152 1113 2216; x_wconf 87' lang='lat' dir='ltr'><strong>servanda</strong></span> <span class='ocrx_word' id='word_1_123' title='bbox 1132 2161 1192 2217; x_wconf 85' lang='lat' dir='ltr'><strong>est.</strong></span> 
     </span>
    </p>
   </div>
   <div class='ocr_carea' id='block_1_6' title="bbox 127 2301 1218 2408">
    <p class='ocr_par' dir='ltr' id='par_1_8' title="bbox 127 2301 1218 2408">
     <span class='ocr_line' id='line_1_18' title="bbox 127 2301 1218 2408; baseline 0.001 -24"><span class='ocrx_word' id='word_1_124' title='bbox 127 2339 177 2385; x_wconf 76' lang='lat' dir='ltr'><strong>rm</strong></span> <span class='ocrx_word' id='word_1_125' title='bbox 222 2320 259 2387; x_wconf 86' lang='lat' dir='ltr'><strong>C.</strong></span> <span class='ocrx_word' id='word_1_126' title='bbox 279 2301 488 2387; x_wconf 84' lang='lat' dir='ltr'><strong>ccccxlll.</strong></span> <span class='ocrx_word' id='word_1_127' title='bbox 531 2320 711 2408; x_wconf 61' lang='lat' dir='ltr'><strong>Exemplar</strong></span> <span class='ocrx_word' id='word_1_128' title='bbox 729 2321 890 2392; x_wconf 69' lang='lat' dir='ltr'><strong>loetum</strong></span> <span class='ocrx_word' id='word_1_129' title='bbox 906 2344 1005 2407; x_wconf 76' lang='lat' dir='ltr'><strong>sopra</strong></span> <span class='ocrx_word' id='word_1_130' title='bbox 1021 2332 1168 2387; x_wconf 76' lang='lat' dir='ltr'><strong>notatum</strong></span> <span class='ocrx_word' id='word_1_131' title='bbox 1182 2320 1218 2403; x_wconf 90' lang='lat'><strong>¹).</strong></span> 
     </span>
    </p>
   </div>
   <div class='ocr_carea' id='block_1_7' title="bbox 150 2456 1252 3255">
    <p class='ocr_par' dir='ltr' id='par_1_9' title="bbox 187 2456 1252 2946">
     <span class='ocr_line' id='line_1_19' title="bbox 271 2456 1251 2540; baseline 0 -18"><span class='ocrx_word' id='word_1_132' title='bbox 271 2456 453 2523; x_wconf 79' lang='lat' dir='ltr'><strong>Auctoritas</strong></span> <span class='ocrx_word' id='word_1_133' title='bbox 480 2459 696 2525; x_wconf 87' lang='lat' dir='ltr'><strong>ecclesiastica</strong></span> <span class='ocrx_word' id='word_1_134' title='bbox 720 2466 866 2539; x_wconf 89' lang='lat' dir='ltr'><strong>patenter</strong></span> <span class='ocrx_word' id='word_1_135' title='bbox 884 2459 1050 2537; x_wconf 89' lang='lat' dir='ltr'><strong>admonet,</strong></span> <span class='ocrx_word' id='word_1_136' title='bbox 1077 2461 1208 2540; x_wconf 89' lang='lat' dir='ltr'><strong>insuper</strong></span> <span class='ocrx_word' id='word_1_137' title='bbox 1223 2468 1251 2522; x_wconf 88' lang='lat' dir='ltr'><strong>et</strong></span> 
     </span>
     <span class='ocr_line' id='line_1_20' title="bbox 187 2560 1251 2646; baseline -0.002 -22"><span class='ocrx_word' id='word_1_138' title='bbox 187 2563 338 2626; x_wconf 86' lang='lat' dir='ltr'><strong>maiestas</strong></span> <span class='ocrx_word' id='word_1_139' title='bbox 364 2564 453 2646; x_wconf 82' lang='lat' dir='ltr'><strong>regie</strong></span> <span class='ocrx_word' id='word_1_140' title='bbox 479 2565 651 2627; x_wconf 88' lang='lat' dir='ltr'><strong>canonicae</strong></span> <span class='ocrx_word' id='word_1_141' title='bbox 677 2561 825 2645; x_wconf 86' lang='lat' dir='ltr'><strong>religioni</strong></span> <span class='ocrx_word' id='word_1_142' title='bbox 851 2583 1012 2625; x_wconf 84' lang='lat' dir='ltr'><strong>assensum</strong></span> <span class='ocrx_word' id='word_1_143' title='bbox 1037 2560 1190 2641; x_wconf 86' lang='lat' dir='ltr'><strong>praebet,</strong></span> <span class='ocrx_word' id='word_1_144' title='bbox 1220 2569 1251 2624; x_wconf 87' lang='lat' dir='ltr'><strong>ut</strong></span> 
     </span>
     <span class='ocr_line' id='line_1_21' title="bbox 187 2663 1251 2751; baseline -0.002 -24"><span class='ocrx_word' id='word_1_145' title='bbox 187 2685 400 2745; x_wconf 89' lang='lat' dir='ltr'><strong>quemcunque</strong></span> <span class='ocrx_word' id='word_1_146' title='bbox 419 2665 586 2737; x_wconf 86' lang='lat' dir='ltr'><strong>adsacros</strong></span> <span class='ocrx_word' id='word_1_147' title='bbox 614 2665 741 2727; x_wconf 90' lang='lat' dir='ltr'><strong>ordines</strong></span> <span class='ocrx_word' id='word_1_148' title='bbox 769 2686 812 2733; x_wconf 87' lang='lat' dir='ltr'><strong>ex</strong></span> <span class='ocrx_word' id='word_1_149' title='bbox 834 2663 955 2751; x_wconf 81' lang='lat' dir='ltr'><strong>familia</strong></span> <span class='ocrx_word' id='word_1_150' title='bbox 979 2665 1107 2744; x_wconf 86' lang='lat' dir='ltr'><strong>propria</strong></span> <span class='ocrx_word' id='word_1_151' title='bbox 1130 2682 1251 2743; x_wconf 89' lang='lat' dir='ltr'><strong>promo·</strong></span> 
     </span>
     <span class='ocr_line' id='line_1_22' title="bbox 187 2764 1250 2851; baseline 0 -23"><span class='ocrx_word' id='word_1_152' title='bbox 187 2788 263 2829; x_wconf 88' lang='lat' dir='ltr'><strong>vere</strong></span> <span class='ocrx_word' id='word_1_153' title='bbox 281 2764 416 2829; x_wconf 87' lang='lat' dir='ltr'><strong>ecclesia</strong></span> <span class='ocrx_word' id='word_1_154' title='bbox 434 2788 574 2846; x_wconf 88' lang='lat' dir='ltr'><strong>quaeque</strong></span> <span class='ocrx_word' id='word_1_155' title='bbox 597 2765 767 2851; x_wconf 83' lang='lat' dir='ltr'><strong>delegerit,</strong></span> <span class='ocrx_word' id='word_1_156' title='bbox 790 2769 821 2830; x_wconf 91' lang='lat' dir='ltr'><strong>in</strong></span> <span class='ocrx_word' id='word_1_157' title='bbox 843 2767 1022 2846; x_wconf 87' lang='lat' dir='ltr'><strong>praesentia</strong></span> <span class='ocrx_word' id='word_1_158' title='bbox 1039 2765 1250 2842; x_wconf 87' lang='lat' dir='ltr'><strong>sacerdotum,</strong></span> 
     </span>
     <span class='ocr_line' id='line_1_23' title="bbox 188 2866 1252 2946; baseline -0.002 -15"><span class='ocrx_word' id='word_1_159' title='bbox 188 2869 411 2931; x_wconf 80' lang='lat' dir='ltr'><strong>canonicorum</strong></span> <span class='ocrx_word' id='word_1_160' title='bbox 439 2867 530 2930; x_wconf 86' lang='lat' dir='ltr'><strong>simul</strong></span> <span class='ocrx_word' id='word_1_161' title='bbox 548 2875 580 2931; x_wconf 92' lang='lat' dir='ltr'><strong>et</strong></span> <span class='ocrx_word' id='word_1_162' title='bbox 602 2867 755 2931; x_wconf 90' lang='lat' dir='ltr'><strong>nobilium</strong></span> <span class='ocrx_word' id='word_1_163' title='bbox 772 2867 935 2931; x_wconf 89' lang='lat' dir='ltr'><strong>laicorum</strong></span> <span class='ocrx_word' id='word_1_164' title='bbox 961 2869 1044 2946; x_wconf 90' lang='lat' dir='ltr'><strong>eius,</strong></span> <span class='ocrx_word' id='word_1_165' title='bbox 1072 2869 1123 2929; x_wconf 92' lang='lat' dir='ltr'><strong>cui</strong></span> <span class='ocrx_word' id='word_1_166' title='bbox 1149 2866 1252 2930; x_wconf 82' lang='lat' dir='ltr'><strong>subie-</strong></span> 
     </span>
    </p>

    <p class='ocr_par' dir='ltr' id='par_1_10' title="bbox 150 2967 1252 3255">
     <span class='ocr_line' id='line_1_24' title="bbox 150 2967 1250 3053; baseline -0.002 -21"><span class='ocrx_word' id='word_1_167' title='bbox 150 2993 153 2997; x_wconf 79' lang='grc'>’</span> <span class='ocrx_word' id='word_1_168' title='bbox 189 2972 349 3050; x_wconf 66' lang='lat' dir='ltr'><strong>ciuem)</strong></span> <span class='ocrx_word' id='word_1_169' title='bbox 376 2978 445 3047; x_wconf 84' lang='lat' dir='ltr'><strong>est,</strong></span> <span class='ocrx_word' id='word_1_170' title='bbox 486 2969 714 3050; x_wconf 86' lang='lat' dir='ltr'><strong>subscriptione</strong></span> <span class='ocrx_word' id='word_1_171' title='bbox 746 2969 799 3033; x_wconf 90' lang='lat' dir='ltr'><strong>vel</strong></span> <span class='ocrx_word' id='word_1_172' title='bbox 829 2971 1165 3053; x_wconf 65' lang='lat' dir='ltr'><strong>manumissionem)</strong></span> <span class='ocrx_word' id='word_1_173' title='bbox 1196 2967 1250 3032; x_wconf 91' lang='lat' dir='ltr'><strong>sub</strong></span> 
     </span>
     <span class='ocr_line' id='line_1_25' title="bbox 188 3069 1251 3155; baseline 0.001 -23"><span class='ocrx_word' id='word_1_174' title='bbox 188 3070 346 3133; x_wconf 86' lang='lat' dir='ltr'><strong>libertatis</strong></span> <span class='ocrx_word' id='word_1_175' title='bbox 363 3078 555 3135; x_wconf 89' lang='lat' dir='ltr'><strong>testamento</strong></span> <span class='ocrx_word' id='word_1_176' title='bbox 570 3071 765 3135; x_wconf 87' lang='lat' dir='ltr'><strong>sollemniter</strong></span> <span class='ocrx_word' id='word_1_177' title='bbox 776 3071 954 3134; x_wconf 86' lang='lat' dir='ltr'><strong>roboretur.</strong></span> <span class='ocrx_word' id='word_1_178' title='bbox 977 3069 1101 3134; x_wconf 88' lang='lat' dir='ltr'><strong>Idcirco</strong></span> <span class='ocrx_word' id='word_1_179' title='bbox 1113 3092 1173 3155; x_wconf 83' lang='lat' dir='ltr'><strong>ego</strong></span> <span class='ocrx_word' id='word_1_180' title='bbox 1184 3072 1251 3144; x_wconf 67' lang='grc'><strong>611)</strong></span> 
     </span>
     <span class='ocr_line' id='line_1_26' title="bbox 189 3170 1252 3255; baseline 0.002 -21"><span class='ocrx_word' id='word_1_181' title='bbox 189 3173 221 3235; x_wconf 90' lang='lat' dir='ltr'><strong>in</strong></span> <span class='ocrx_word' id='word_1_182' title='bbox 248 3170 310 3237; x_wconf 89' lang='lat' dir='ltr'><strong>Dei</strong></span> <span class='ocrx_word' id='word_1_183' title='bbox 338 3176 464 3236; x_wconf 91' lang='lat' dir='ltr'><strong>nomine</strong></span> <span class='ocrx_word' id='word_1_184' title='bbox 495 3176 674 3255; x_wconf 87' lang='lat' dir='ltr'><strong>episcopus,</strong></span> <span class='ocrx_word' id='word_1_185' title='bbox 701 3174 754 3237; x_wconf 89' lang='lat' dir='ltr'><strong>vel</strong></span> <span class='ocrx_word' id='word_1_186' title='bbox 781 3174 897 3253; x_wconf 86' lang='lat' dir='ltr'><strong>abbas,</strong></span> <span class='ocrx_word' id='word_1_187' title='bbox 924 3170 975 3236; x_wconf 88' lang='lat' dir='ltr'><strong>vel</strong></span> <span class='ocrx_word' id='word_1_188' title='bbox 1002 3171 1137 3253; x_wconf 87' lang='lat' dir='ltr'><strong>quilibet</strong></span> <span class='ocrx_word' id='word_1_189' title='bbox 1163 3171 1252 3250; x_wconf 85' lang='lat' dir='ltr'><strong>alius,</strong></span> 
     </span>
    </p>
   </div>
   <div class='ocr_carea' id='block_1_8' title="bbox 189 3303 402 3319">
    <p class='ocr_par' dir='ltr' id='par_1_11' title="bbox 189 3303 402 3319">
     <span class='ocr_line' id='line_1_27' title="bbox 189 3303 402 3319; baseline 0 0"><span class='ocrx_word' id='word_1_190' title='bbox 189 3303 402 3319; x_wconf 67' lang='lat'><strong>———-··</strong></span> 
     </span>
    </p>
   </div>
   <div class='ocr_carea' id='block_1_9' title="bbox 190 3361 1254 3774">
    <p class='ocr_par' dir='ltr' id='par_1_12' title="bbox 191 3361 1254 3508">
     <span class='ocr_line' id='line_1_28' title="bbox 259 3361 1254 3434; baseline -0.012 -12"><span class='ocrx_word' id='word_1_191' title='bbox 259 3375 286 3423; x_wconf 80' lang='lat' dir='ltr'><strong>C.</strong></span> <span class='ocrx_word' id='word_1_192' title='bbox 305 3370 432 3423; x_wconf 78' lang='lat' dir='ltr'><strong>CCCCXI.</strong></span> <span class='ocrx_word' id='word_1_193' title='bbox 467 3374 488 3434; x_wconf 87' lang='lat' dir='ltr'><strong>i)</strong></span> <span class='ocrx_word' id='word_1_194' title='bbox 497 3375 589 3433; x_wconf 73' lang='lat' dir='ltr'><strong>deneg.</strong></span> <span class='ocrx_word' id='word_1_195' title='bbox 600 3374 626 3419; x_wconf 87' lang='lat' dir='ltr'><strong>et</strong></span> <span class='ocrx_word' id='word_1_196' title='bbox 636 3375 696 3430; x_wconf 82' lang='lat' dir='ltr'><strong>Cep.</strong></span> <span class='ocrx_word' id='word_1_197' title='bbox 705 3370 766 3419; x_wconf 85' lang='lat' dir='ltr'><strong>ibid.</strong></span> <span class='ocrx_word' id='word_1_198' title='bbox 785 3394 815 3402; x_wconf 91' lang='lat'><em>-</em></span> <span class='ocrx_word' id='word_1_199' title='bbox 839 3367 931 3416; x_wconf 85' lang='lat' dir='ltr'><strong>Burcb.</strong></span> <span class='ocrx_word' id='word_1_200' title='bbox 942 3368 972 3413; x_wconf 91' lang='lat'><strong>11.</strong></span> <span class='ocrx_word' id='word_1_201' title='bbox 986 3368 1028 3415; x_wconf 87' lang='grc'><strong>32.</strong></span> <span class='ocrx_word' id='word_1_202' title='bbox 1041 3361 1109 3427; x_wconf 67' lang='lat' dir='ltr'>(R),</span> <span class='ocrx_word' id='word_1_203' title='bbox 1128 3365 1206 3413; x_wconf 79' lang='lat' dir='ltr'><strong>Decr.</strong></span> <span class='ocrx_word' id='word_1_204' title='bbox 1215 3364 1254 3410; x_wconf 83' lang='lat' dir='ltr'><strong>Vl.</strong></span> 
     </span>
     <span class='ocr_line' id='line_1_29' title="bbox 191 3440 778 3508; baseline -0.01 -18"><span class='ocrx_word' id='word_1_205' title='bbox 191 3445 248 3490; x_wconf 91' lang='grc'><strong>133.</strong></span> <span class='ocrx_word' id='word_1_206' title='bbox 257 3441 321 3508; x_wconf 87' lang='lat' dir='ltr'><strong>(B.):</strong></span> <span class='ocrx_word' id='word_1_207' title='bbox 341 3443 385 3490; x_wconf 71' lang='lat' dir='ltr'><strong>Ex</strong></span> <span class='ocrx_word' id='word_1_208' title='bbox 394 3442 447 3489; x_wconf 81' lang='lat' dir='ltr'><strong>cod.</strong></span> <span class='ocrx_word' id='word_1_209' title='bbox 460 3442 556 3489; x_wconf 70' lang='lat' dir='ltr'><strong>concil.</strong></span> <span class='ocrx_word' id='word_1_210' title='bbox 567 3445 581 3496; x_wconf 85' lang='grc'><strong><em>(</em></strong></span> <span class='ocrx_word' id='word_1_211' title='bbox 582 3442 623 3487; x_wconf 87' lang='lat' dir='ltr'><strong>To</strong></span> <span class='ocrx_word' id='word_1_212' title='bbox 630 3443 656 3487; x_wconf 78' lang='lat' dir='ltr'><strong>Ie</strong></span> <span class='ocrx_word' id='word_1_213' title='bbox 663 3444 694 3498; x_wconf 83' lang='lat' dir='ltr'><strong>t.)</strong></span> <span class='ocrx_word' id='word_1_214' title='bbox 704 3455 725 3486; x_wconf 85' lang='lat' dir='ltr'><strong>e.</strong></span> <span class='ocrx_word' id='word_1_215' title='bbox 737 3440 778 3486; x_wconf 86' lang='grc'><strong>33.</strong></span> 
     </span>
    </p>

    <p class='ocr_par' dir='ltr' id='par_1_13' title="bbox 259 3507 782 3569">
     <span class='ocr_line' id='line_1_30' title="bbox 259 3507 782 3569; baseline -0.006 -11"><span class='ocrx_word' id='word_1_216' title='bbox 259 3514 287 3560; x_wconf 77' lang='lat'><strong>(2.</strong></span> <span class='ocrx_word' id='word_1_217' title='bbox 306 3513 445 3558; x_wconf 76' lang='lat' dir='ltr'><strong>ccccxli.</strong></span> <span class='ocrx_word' id='word_1_218' title='bbox 479 3507 506 3568; x_wconf 85' lang='lat' dir='ltr'><strong>ir)</strong></span> <span class='ocrx_word' id='word_1_219' title='bbox 515 3512 607 3569; x_wconf 79' lang='lat' dir='ltr'><strong>Anseg.</strong></span> <span class='ocrx_word' id='word_1_220' title='bbox 617 3513 642 3556; x_wconf 90' lang='lat' dir='ltr'><strong>et</strong></span> <span class='ocrx_word' id='word_1_221' title='bbox 652 3510 713 3567; x_wconf 85' lang='lat' dir='ltr'><strong>Cap.</strong></span> <span class='ocrx_word' id='word_1_222' title='bbox 723 3507 782 3555; x_wconf 87' lang='lat' dir='ltr'><strong>ibid.</strong></span> 
     </span>
    </p>

    <p class='ocr_par' dir='ltr' id='par_1_14' title="bbox 190 3569 1254 3774">
     <span class='ocr_line' id='line_1_31' title="bbox 260 3569 1253 3641; baseline -0.008 -17"><span class='ocrx_word' id='word_1_223' title='bbox 260 3581 287 3626; x_wconf 87' lang='lat' dir='ltr'><strong>c.</strong></span> <span class='ocrx_word' id='word_1_224' title='bbox 306 3580 456 3626; x_wconf 78' lang='lat' dir='ltr'><strong>ccccxlii.</strong></span> <span class='ocrx_word' id='word_1_225' title='bbox 491 3576 512 3641; x_wconf 89' lang='lat'><strong>1)</strong></span> <span class='ocrx_word' id='word_1_226' title='bbox 523 3580 611 3625; x_wconf 81' lang='lat' dir='ltr'><strong>Novae</strong></span> <span class='ocrx_word' id='word_1_227' title='bbox 624 3576 804 3624; x_wconf 82' lang='lat' dir='ltr'><strong>Fornrularum</strong></span> <span class='ocrx_word' id='word_1_228' title='bbox 819 3571 994 3632; x_wconf 77' lang='lat' dir='ltr'><strong>collectionis,</strong></span> <span class='ocrx_word' id='word_1_229' title='bbox 1012 3569 1149 3617; x_wconf 69' lang='lat' dir='ltr'><strong>adelerio</strong></span> <span class='ocrx_word' id='word_1_230' title='bbox 1163 3569 1253 3627; x_wconf 71' lang='lat' dir='ltr'><strong>editoe,</strong></span> 
     </span>
     <span class='ocr_line' id='line_1_32' title="bbox 191 3637 1254 3706; baseline -0.009 -13"><span class='ocrx_word' id='word_1_231' title='bbox 191 3649 280 3706; x_wconf 73' lang='grc' dir='ltr'><strong>ε.13.;</strong></span> <span class='ocrx_word' id='word_1_232' title='bbox 299 3646 393 3694; x_wconf 74' lang='lat' dir='ltr'><strong>similia</strong></span> <span class='ocrx_word' id='word_1_233' title='bbox 407 3645 511 3692; x_wconf 82' lang='lat' dir='ltr'><strong>exhibet</strong></span> <span class='ocrx_word' id='word_1_234' title='bbox 524 3646 637 3692; x_wconf 84' lang='lat' dir='ltr'><strong>Formul.</strong></span> <span class='ocrx_word' id='word_1_235' title='bbox 650 3644 818 3701; x_wconf 72' lang='lat' dir='ltr'><strong>Lindenbrog.</strong></span> <span class='ocrx_word' id='word_1_236' title='bbox 833 3643 924 3690; x_wconf 55' lang='grc'><strong>6101.</strong></span> <span class='ocrx_word' id='word_1_237' title='bbox 942 3665 977 3674; x_wconf 96' lang='lat'><strong>—</strong></span> <span class='ocrx_word' id='word_1_238' title='bbox 994 3638 1086 3686; x_wconf 82' lang='lat' dir='ltr'><strong>Burcb.</strong></span> <span class='ocrx_word' id='word_1_239' title='bbox 1097 3640 1128 3686; x_wconf 86' lang='grc' dir='ltr'><strong>ΙΙ.</strong></span> <span class='ocrx_word' id='word_1_240' title='bbox 1143 3640 1185 3687; x_wconf 82' lang='grc'><strong>36.</strong></span> <span class='ocrx_word' id='word_1_241' title='bbox 1195 3637 1254 3698; x_wconf 76' lang='grc' dir='ltr'><strong>(Β.)</strong></span> 
     </span>
     <span class='ocr_line' id='line_1_33' title="bbox 190 3712 800 3774; baseline -0.005 -12"><span class='ocrx_word' id='word_1_242' title='bbox 190 3716 266 3764; x_wconf 86' lang='lat' dir='ltr'><strong>Deer.</strong></span> <span class='ocrx_word' id='word_1_243' title='bbox 276 3718 318 3764; x_wconf 83' lang='lat' dir='ltr'><strong>Vl.</strong></span> <span class='ocrx_word' id='word_1_244' title='bbox 323 3715 386 3761; x_wconf 73' lang='lat'><strong>&#39;12¹1.</strong></span> <span class='ocrx_word' id='word_1_245' title='bbox 395 3713 459 3774; x_wconf 87' lang='lat' dir='ltr'><strong>(B.):</strong></span> <span class='ocrx_word' id='word_1_246' title='bbox 477 3712 522 3759; x_wconf 74' lang='lat' dir='ltr'><strong>Ex</strong></span> <span class='ocrx_word' id='word_1_247' title='bbox 533 3714 608 3761; x_wconf 80' lang='lat' dir='ltr'><strong>Cone.</strong></span> <span class='ocrx_word' id='word_1_248' title='bbox 618 3714 734 3760; x_wconf 69' lang='lat' dir='ltr'><strong>Remeat.</strong></span> <span class='ocrx_word' id='word_1_249' title='bbox 744 3727 765 3759; x_wconf 88' lang='lat' dir='ltr'><strong>c.</strong></span> <span class='ocrx_word' id='word_1_250' title='bbox 776 3714 800 3759; x_wconf 91' lang='lat'><strong>1.</strong></span> 
     </span>
    </p>
   </div>
   <div class='ocr_carea' id='block_1_10' title="bbox 192 3861 1256 4371">
    <p class='ocr_par' dir='ltr' id='par_1_15' title="bbox 192 3861 1253 4029">
     <span class='ocr_line' id='line_1_34' title="bbox 235 3861 1253 3936; baseline -0.01 -11"><span class='ocrx_word' id='word_1_251' title='bbox 235 3867 268 3925; x_wconf 88' lang='lat' dir='ltr'><strong>C.</strong></span> <span class='ocrx_word' id='word_1_252' title='bbox 288 3864 439 3924; x_wconf 81' lang='lat' dir='ltr'><strong>ccccxl.</strong></span> <span class='ocrx_word' id='word_1_253' title='bbox 486 3871 559 3936; x_wconf 87' lang='grc'><strong>671)</strong></span> <span class='ocrx_word' id='word_1_254' title='bbox 584 3867 634 3924; x_wconf 82' lang='lat' dir='ltr'><strong>uel</strong></span> <span class='ocrx_word' id='word_1_255' title='bbox 653 3884 703 3925; x_wconf 88' lang='lat' dir='ltr'><strong>eo·</strong></span> <span class='ocrx_word' id='word_1_256' title='bbox 749 3864 864 3932; x_wconf 80' lang='lat' dir='ltr'><strong>Cdm&#39;sto</strong></span> <span class='ocrx_word' id='word_1_257' title='bbox 887 3869 1011 3920; x_wconf 81' lang='lat' dir='ltr'><strong>sunctae</strong></span> <span class='ocrx_word' id='word_1_258' title='bbox 1031 3861 1191 3919; x_wconf 72' lang='lat' dir='ltr'><strong>Mettensis</strong></span> <span class='ocrx_word' id='word_1_259' title='bbox 1212 3877 1253 3916; x_wconf 83' lang='lat' dir='ltr'><strong>ee·</strong></span> 
     </span>
     <span class='ocr_line' id='line_1_35' title="bbox 192 3945 1253 4029; baseline -0.011 -17"><span class='ocrx_word' id='word_1_260' title='bbox 192 3971 255 4012; x_wconf 86' lang='lat' dir='ltr'><strong>rom</strong></span> <span class='ocrx_word' id='word_1_261' title='bbox 265 3950 411 4029; x_wconf 81' lang='lat' dir='ltr'><strong>fidelibus</strong></span> <span class='ocrx_word' id='word_1_262' title='bbox 429 3951 531 4010; x_wconf 76' lang='lat' dir='ltr'><strong>Ior&#39;cr&#39;s:</strong></span> <span class='ocrx_word' id='word_1_263' title='bbox 551 3947 657 4028; x_wconf 67' lang='grc' dir='ltr'><strong>οτίς.Ι</strong></span> <span class='ocrx_word' id='word_1_264' title='bbox 746 3949 855 4008; x_wconf 77' lang='lat' dir='ltr'><strong>clerice</strong></span> <span class='ocrx_word' id='word_1_265' title='bbox 895 3948 1048 4023; x_wconf 80' lang='lat' dir='ltr'><strong>episeopus</strong></span> <span class='ocrx_word' id='word_1_266' title='bbox 1092 3945 1253 4021; x_wconf 72' lang='lat' dir='ltr'><strong>quendum:</strong></span> 
     </span>
    </p>

    <p class='ocr_par' dir='ltr' id='par_1_16' title="bbox 192 4030 1256 4371">
     <span class='ocr_line' id='line_1_36' title="bbox 236 4030 1254 4111; baseline -0.009 -17"><span class='ocrx_word' id='word_1_267' title='bbox 236 4036 270 4094; x_wconf 83' lang='lat' dir='ltr'><strong>C.</strong></span> <span class='ocrx_word' id='word_1_268' title='bbox 289 4033 466 4095; x_wconf 74' lang='lat' dir='ltr'><strong>ccccxlii.</strong></span> <span class='ocrx_word' id='word_1_269' title='bbox 513 4035 703 4110; x_wconf 57' lang='grc'><strong>6761316-</strong></span> <span class='ocrx_word' id='word_1_270' title='bbox 746 4034 843 4111; x_wconf 83' lang='lat' dir='ltr'><strong>orig.;</strong></span> <span class='ocrx_word' id='word_1_271' title='bbox 881 4051 938 4109; x_wconf 83' lang='lat' dir='ltr'><strong>ego</strong></span> <span class='ocrx_word' id='word_1_272' title='bbox 960 4030 1167 4098; x_wconf 62' lang='lat' dir='ltr'><strong>Bocchus-dos,</strong></span> <span class='ocrx_word' id='word_1_273' title='bbox 1196 4030 1254 4086; x_wconf 82' lang='lat' dir='ltr'><strong>Deo</strong></span> 
     </span>
     <span class='ocr_line' id='line_1_37' title="bbox 193 4113 1256 4197; baseline -0.012 -15"><span class='ocrx_word' id='word_1_274' title='bbox 193 4131 259 4182; x_wconf 80' lang='lat' dir='ltr'><strong>ctn:</strong></span> <span class='ocrx_word' id='word_1_275' title='bbox 288 4120 405 4180; x_wconf 81' lang='lat' dir='ltr'><strong>llelmst.</strong></span> <span class='ocrx_word' id='word_1_276' title='bbox 437 4120 500 4179; x_wconf 79' lang='lat' dir='ltr'><strong>bal.</strong></span> <span class='ocrx_word' id='word_1_277' title='bbox 555 4120 630 4197; x_wconf 91' lang='grc'><strong>673)</strong></span> <span class='ocrx_word' id='word_1_278' title='bbox 657 4121 707 4178; x_wconf 85' lang='lat' dir='ltr'><strong>vel</strong></span> <span class='ocrx_word' id='word_1_279' title='bbox 747 4127 897 4178; x_wconf 77' lang='lat' dir='ltr'><strong>annuente</strong></span> <span class='ocrx_word' id='word_1_280' title='bbox 911 4115 1147 4175; x_wconf 76' lang='lat' dir='ltr'><strong>Wormociensr‘s</strong></span> <span class='ocrx_word' id='word_1_281' title='bbox 1165 4113 1256 4172; x_wconf 81' lang='lat' dir='ltr'><strong>eccle·</strong></span> 
     </span>
     <span class='ocr_line' id='line_1_38' title="bbox 192 4195 1254 4282; baseline -0.014 -15"><span class='ocrx_word' id='word_1_282' title='bbox 192 4227 288 4267; x_wconf 70' lang='lat' dir='ltr'><strong>mom.-</strong></span> <span class='ocrx_word' id='word_1_283' title='bbox 317 4205 377 4266; x_wconf 87' lang='lat' dir='ltr'><strong>des.</strong></span> <span class='ocrx_word' id='word_1_284' title='bbox 405 4209 434 4266; x_wconf 92' lang='lat' dir='ltr'><strong>in</strong></span> <span class='ocrx_word' id='word_1_285' title='bbox 463 4205 575 4265; x_wconf 88' lang='lat' dir='ltr'><strong>iisdem.</strong></span> <span class='ocrx_word' id='word_1_286' title='bbox 628 4209 702 4277; x_wconf 77' lang='grc'><strong>674)</strong></span> <span class='ocrx_word' id='word_1_287' title='bbox 745 4207 809 4263; x_wconf 72' lang='lat' dir='ltr'><strong>rebe</strong></span> <span class='ocrx_word' id='word_1_288' title='bbox 828 4204 981 4282; x_wconf 68' lang='lat' dir='ltr'><strong>epsicopus</strong></span> <span class='ocrx_word' id='word_1_289' title='bbox 1000 4201 1163 4277; x_wconf 79' lang='lat' dir='ltr'><strong>quendam:</strong></span> <span class='ocrx_word' id='word_1_290' title='bbox 1185 4195 1254 4256; x_wconf 83' lang='lat' dir='ltr'><strong>Coll.</strong></span> 
     </span>
     <span class='ocr_line' id='line_1_39' title="bbox 193 4288 811 4371; baseline -0.006 -20"><span class='ocrx_word' id='word_1_291' title='bbox 193 4312 250 4371; x_wconf 84' lang='lat' dir='ltr'><strong>ego</strong></span> <span class='ocrx_word' id='word_1_292' title='bbox 293 4294 501 4361; x_wconf 62' lang='lat' dir='ltr'><strong>Adversum,</strong></span> <span class='ocrx_word' id='word_1_293' title='bbox 556 4299 703 4349; x_wconf 82' lang='lat' dir='ltr'><strong>annuente</strong></span> <span class='ocrx_word' id='word_1_294' title='bbox 746 4288 811 4349; x_wconf 79' lang='lat' dir='ltr'><strong>citt.</strong></span> 
     </span>
    </p>
   </div>
   <div class='ocr_carea' id='block_1_11' title="bbox 0 0 1312 4898">
    <p class='ocr_par' dir='ltr' id='par_1_17' title="bbox 0 0 1312 4898">
     <span class='ocr_line' id='line_1_40' title="bbox 0 0 1312 4898; baseline 0 0"><span class='ocrx_word' id='word_1_295' title='bbox 0 0 1312 4898; x_wconf 95' lang='lat' dir='ltr'><strong> </strong></span> 
     </span>
    </p>
   </div>
  </div>
 </body>
</html>
