2594 4898
382 353 776 434 capxxvn-xxxn.
1044 344 1118 429 uro

41 520 215 599 curriculo,
237 519 312 585 finis
333 523 420 589 vitoe
441 521 568 589 illorum
585 525 781 603 pervenerit,
804 525 953 593 viaticum
970 526 1033 594 illis
1051 550 1116 596 non

42 633 190 710 negetur.

328 824 366 891 C.
384 827 547 892 XXVlll.
591 828 646 893 De
664 833 773 895 eadem
789 854 836 895 re.

112 965 168 1027 Ex
186 963 263 1027 elio
282 962 460 1027 Concilio
479 963 803 1050 Moguntiacensi',
821 989 897 1048 cup.
916 968 992 1033 XX
1006 968 1045 1056 ΙΙ).

130 1082 336 1146 Parricidium
354 1084 447 1162 quam
465 1086 507 1146 sit
524 1083 711 1148 detestabile
728 1089 864 1166 crimen,
884 1089 915 1150 in
929 1092 979 1163 ⁶⁶)
997 1092 1115 1155 iudicio

40 1189 129 1252 facto
147 1189 230 1250 inter
240 1184 322 1249 Cain
340 1184 462 1248 ettibcl
479 1186 610 1249 fratrem
628 1209 717 1250 suum
727 1186 883 1252 Dominus
901 1192 1112 1278 ostenditil).

42 1290 120 1368 Sed,
140 1290 275 1371 quia⁸⁸)
288 1288 448 1351 modernis
462 1289 655 1369 temporibus
668 1291 843 1369 parricidae
856 1292 982 1377 profugi
996 1293 1115 1358 discur-

41 1400 119 1456 runt
135 1414 192 1472 per
210 1390 334 1453 diverso
351 1388 439 1469 loce,
459 1400 492 1453 et
508 1393 604 1453 variis
622 1393 707 1455 vitiis
726 1401 759 1456 et
775 1391 869 1476 gulae
886 1392 1045 1458 illecebris
1059 1396 1114 1460 de-

41 1497 195 1571 serviunt,
210 1491 320 1555 melius
335 1492 426 1557 nobis
445 1492 580 1571 videtur,
594 1499 630 1556 ut
646 1495 679 1557 in
692 1515 755 1556 uno
769 1493 841 1558 loco
858 1504 1022 1559 manentes
1037 1518 1114 1577 poe·

41 1598 180 1660 nitentia
192 1596 335 1658 districta
347 1597 533 1674 semctipsos
551 1598 718 1679 castigent,
736 1598 765 1658 si
781 1597 864 1660 forte
883 1598 965 1677 eli)
983 1596 1115 1662 Domini

41 1699 187 1762 bonitate
204 1696 433 1782 indulgentiam
450 1698 600 1761 facinoris
617 1701 668 1761 sui
684 1701 846 1779 percipere
864 1709 1056 1764 mereantur.

59 1919 98 1983 C.
116 1917 253 1985 XXIX.
306 1917 401 1994 Quod
415 1921 593 2005 parricidii
620 1942 710 1986 ormo
737 1931 774 1987 et
793 1928 971 2009 coniugium
996 1929 1098 1989 inter·

508 2022 648 2087 dicatur.
871 2024 876 2032 '

388 2118 391 2123 ἡ
416 2159 473 2223 Ex
494 2127 737 2242 eodcm⁵)²⁰).

128 2276 204 2342 Non
225 2280 310 2342 enim
331 2280 378 2342 eis
400 2277 510 2342 licebit
530 2276 616 2343 ultra
640 2276 772 2340 militiae
798 2275 955 2360 cingulum
977 2298 1113 2358 sunere,

42 2392 76 2446 et
103 2372 258 2464 coniugiis
271 2385 322 2456 Η)
350 2379 508 2460 copulari,
535 2381 609 2459 quia
635 2380 718 2443 oncri
741 2400 878 2443 canones
900 2378 962 2443 boc
984 2382 1031 2445 eis
1049 2402 1114 2446 uon

42 2485 246 2548 consentiunt
257 2486 320 2568 12).

60 2687 99 2753 C.
122 2688 242 2752 XXX.
286 2687 340 2753 De
367 2708 418 2767 eo,
446 2695 503 2773 poc·
517 2688 669 2752 bominem
685 2687 846 2771 poblicum
862 2693 1096 2771 poenitentiam

407 2800 555 2874 agentem
572 2790 742 2870 mterfica't.

159 2926 216 2990 Ex
241 2925 516 3007 Cppitularium
538 2926 618 2990 Lib.
642 2925 709 2990 ΙΙΙ.
733 2949 812 3007 cup.
830 2924 997 3004 lelk).

129 3045 195 3123 Qui
217 3046 378 3110 hominem
398 3044 554 3126 publicam
575 3047 802 3126 poeniteutiam
820 3053 966 3130 agentem
984 3046 1113 3111 interfe-

113 3309 140 3353 C.
157 3307 275 3355 xxvm.
310 3302 337 3367 h)
354 3307 418 3355 Hob.
432 3320 491 3354 enn.
507 3308 565 3355 847.
579 3308 626 3353 rub
639 3306 744 3352 Robuno
754 3303 866 3362 archiep.
876 3304 1037 3363 Mogont—
1049 3305 1113 3355 neb.

44 3378 75 3423 od
84 3376 172 3424 Herib.
183 3390 204 3423 c.
215 3377 248 3434 1.,
259 3378 320 3423 Rub.
330 3376 362 3421 ed
372 3376 402 3422 0.
413 3389 435 3423 c.
446 3377 486 3421 11.
494 3401 529 3410 —
539 3373 631 3421 Burch.
641 3374 682 3420 Vl.
694 3375 746 3430 ab,
758 3371 833 3419 Decr.
843 3372 877 3418 X.
888 3371 944 3417 164.
955 3367 1018 3434 (B.).

112 3446 140 3492 C.
158 3444 256 3490 XXIX.
273 3444 299 3503 i)
310 3446 387 3491 Cone.
397 3445 513 3503 Mogunt.
527 3443 585 3490 ibid.
593 3442 694 3488 —Reb
704 3443 730 3487 et
740 3439 771 3487 ud
780 3440 811 3486 Η.
822 3439 854 3486 ud
863 3439 893 3486 0.
904 3438 976 3495 ibid,
992 3437 1056 3487 Coll.
1065 3438 1084 3485 1.
1096 3438 1114 3484 l.

112 3514 140 3560 c.
158 3512 243 3559 XXX.
276 3510 309 3577 k)
325 3510 602 3572 Aureg.cepit.11.lv.
618 3522 641 3559 o.
650 3510 691 3554 17.
705 3507 800 3568 (Cupit.
809 3506 928 3566 Aquirgr.
937 3518 997 3554 unn.
1007 3506 1066 3554 811.
1074 3505 1114 3553 le-

43 3581 116 3642 gibu·
126 3580 233 3627 addend.
242 3594 264 3630 c.
275 3577 311 3642 6.)
321 3580 359 3627 Gi
368 3581 439 3628 inire
447 3594 469 3627 c.
479 3581 565 3627 cxcl.
575 3605 610 3614 -
618 3578 694 3625 Dect.
704 3576 738 3625 X.
747 3578 797 3638 44,
807 3576 875 3623 XVI.
885 3575 943 3622 276.
949 3605 957 3634 ,
972 3573 1036 3622 coll.
1046 3579 1079 3623 tr.
1088 3587 1114 3634 p.
1228 3638 1232 3647 Ι

44 3649 392 3712 iuro.c.2oe.(n.xv1.).
427 3667 431 3672 -

86 3802 122 3860 C.
139 3800 275 3863 XXVlll.
300 3807 353 3874 66)
373 3805 422 3861 ln.-
441 3801 559 3860 abesto
602 3799 666 3857 roll.
686 3794 778 3857 Codd.
797 3797 870 3857 baec
888 3794 978 3857 verba
1002 3794 1114 3855 desunt.

46 3886 131 3947 Gotb.
161 3886 279 3949 Heluet.
306 3885 368 3946 Bal.
397 3886 471 3945 Coll.
495 3886 558 3944 citt.
603 3889 655 3955 71)
681 3893 712 3943 et
736 3885 848 3961 nuptiis
874 3882 924 3941 oel
947 3883 1115 3958 coniugiis:

45 3972 98 4054 67)
114 3973 170 4031 iarn
181 3973 262 4051 plura
272 3983 431 4052 sequuntur
440 3972 469 4030 iu
480 3971 556 4048 orig.
603 3969 698 4050 orig.;
720 3969 870 4047 cinoptiis
882 3966 1117 4046 atquecom'ugir'

44 4056 116 4117 Rcb.
135 4058 211 4117 Coll.
229 4059 294 4118 citt.
339 4063 392 4133 68)
412 4059 443 4117 in
462 4058 558 4115 mod:
602 4055 709 4133 copula
745 4055 806 4113 oti.-
843 4050 916 4112 llab.
944 4051 1017 4110 (loll.
1051 4051 1112 4109 citt.

44 4141 115 4201 ibid.
160 4147 214 4216 69)
234 4163 270 4205 ae
294 4143 412 4203 rbesta
436 4141 557 4219 Guclpb.
603 4144 656 4211 72)
667 4140 848 4199 concedunt:
861 4134 983 4196 banau
993 4134 1028 4194 ll.
1039 4133 1113 4205 Coll.

44 4226 151 4288 Vionu.
170 4225 261 4287 Paris.
281 4227 401 4289 Helmst.
603 4225 664 4285 citt.
685 4222 760 4283 llild.

87 4313 122 4371 C.
139 4312 249 4373 XXIX.
273 4318 327 4390 70)
347 4314 390 4373 sic
411 4312 507 4387 Goth,
529 4313 557 4371 iu

861 4405 899 4465 15
