2594 4898
470 328 548 410 Cep.
568 326 850 392 cccli—cccw.
1109 332 1175 397 141

238 496 278 561 C.
298 493 443 561 ccclv.
491 496 575 561 ordo
595 498 642 562 ‘ad
656 499 793 563 dandam
804 505 1047 584 poenitentum.

505 631 607 698 Unde
624 637 784 721 suprai).

194 754 273 817 Post
290 750 371 816 haec
386 754 548 838 interroga
565 776 637 818 oum
655 751 771 819 blande
787 753 977 836 leniterque:
1014 754 1126 821 Credis
1144 759 1177 821 in

103 858 213 923 Deum
230 854 360 919 Patrem
378 862 412 918 et
427 852 543 919 Filium
561 862 594 920 et
610 855 761 937 Spiritum
778 856 940 920 sanctuml
966 855 1078 939 Resp.:
1098 857 1177 923 Cr'e·

106 961 158 1023 do.
200 956 334 1036 Credis,
376 957 461 1037 quod
492 958 574 1021 istae
610 967 674 1023 tres
708 981 863 1040 personae
889 982 969 1024 uuus
994 958 1174 1026 Deducit!

106 1059 218 1140 Remi:
239 1057 354 1122 Credo.
384 1055 508 1139 Credis,
528 1061 609 1140 quod
629 1063 660 1124 in
681 1063 749 1141 ipsa
767 1064 829 1125 ista
843 1084 954 1142 carne,
973 1064 1006 1126 in
1019 1082 1176 1145 quuunc

107 1185 159 1242 es,
187 1164 220 1225 iu
244 1156 313 1242 ipib
338 1180 505 1243 resurgere
528 1161 628 1226 babes
650 1165 682 1225 in
701 1163 751 1226 die
769 1165 878 1227 iudicii
895 1158 929 1228 et
950 1156 1091 1247 recipere
1106 1168 1176 1229 sive

106 1265 242 1342 bonum,
261 1265 328 1326 sive
348 1261 483 1342 malum,
503 1264 585 1343 quod
607 1263 750 1347 gessistil
787 1262 910 1327 Credo?
940 1262 999 1328 Vis
1018 1265 1176 1331 dimittere

106 1365 172 1430 illis
198 1373 345 1447 peccata,
373 1367 426 1443 qui
452 1368 485 1429 in
511 1372 544 1428 te
568 1373 795 1446 peccaverunt,
821 1364 961 1431 Domine
987 1368 1111 1434 dicente
1119 1368 1175 1457 †)
1237 1412 1241 1419 -

107 1468 148 1534 Se·
170 1462 448 1532 non'remc‘eeritie
472 1467 644 1533 bominibus
663 1479 804 1552 peccota
838 1489 962 1548 mum,
998 1491 1057 1534 nec
1076 1478 1177 1556 palor

107 1580 214 1636 certer
231 1571 375 1634 mittet
389 1569 474 1635 vola
492 1581 630 1654 peccata
646 1571 772 1636 cestra?
797 1570 909 1652 Hesp:
940 1570 1032 1635 Volo.
1067 1572 1111 1637 Et
1126 1592 1178 1637 re·

108 1676 198 1755 quire
221 1671 262 1735 ab
285 1692 326 1734 eo
352 1671 538 1757 diligenter,
564 1677 593 1737 si
616 1682 665 1738 est
686 1677 883 1738 incestuosus
906 1682 960 1737 aut
981 1695 1040 1737 suo
1057 1676 1177 1738 seniori

108 1773 263 1848 infidelis3
292 1779 325 1836 et
341 1775 370 1836 si
386 1795 449 1839 non
470 1774 540 1839 vult
561 1777 717 1840 incestum
739 1777 913 1855 dimittere,
942 1797 1006 1838 uon
1031 1784 1124 1856 potes
1147 1778 1178 1840 ei

109 1879 187 1942 dare
210 1878 452 1958 poenitentiam3
479 1879 630 1945 siauteru
648 1877 731 1957 vult,
758 1886 860 1958 potes.
903 1877 965 1941 His
982 1881 1177 1959 praemissis,

106 1983 325 2062 poenitentem
341 1977 462 2059 alloqui
479 1979 653 2045 affectuose
672 1980 767 2044 debet
783 1982 932 2044 sacerdos
950 1979 1000 2045 bis
1017 1981 1139 2045 verbis:

194 2080 323 2159 Frater,
346 2078 414 2144 noli
435 2081 622 2146 erubescere
643 2090 774 2163 peccata
792 2092 847 2147 tua
864 2072 1026 2162 confiteri,
1054 2104 1127 2146 nam
1145 2091 1178 2147 et

108 2207 168 2269 ego
194 2188 344 2264 peccator
368 2205 438 2258 sum
464 2191 497 2247 et
521 2183 667 2248 fortassis
693 2188 819 2266 peiora,
855 2206 949 2264 quam
982 2191 1017 2246 tu
1051 2184 1177 2265 leceris,

107 2287 212 2351 babeo
231 2286 327 2349 facta.
370 2284 461 2350 Haec
478 2287 596 2349 idcirco
616 2287 780 2362 admoneo,
800 2287 872 2366 quia
886 2287 1036 2349 usitatum
1049 2283 1179 2349 humani
1241 2370 1246 2377 Ι

107 2390 236 2475 generis
254 2387 367 2451 vitium
385 2395 449 2467 est,
465 2396 501 2451 ut
519 2388 631 2452 beatus
641 2388 814 2472 Gregorius
823 2386 895 2474 ††)
915 2387 1003 2467 dicit,
1021 2394 1054 2451 et
1066 2385 1178 2455 labeu-

107 2493 149 2557 do
167 2496 334 2573 peccatum
352 2491 529 2569 dimittere,
557 2498 589 2554 et
608 2493 809 2554 commissum
826 2511 890 2553 non
908 2485 1088 2552 confitendo
1106 2510 1178 2569 prc-

107 2596 200 2672 dere,
229 2592 286 2655 sed
301 2591 452 2676 'negando
475 2592 645 2656 defendere
668 2599 762 2673 atque
781 2594 958 2656 convictum
975 2590 1177 2655 defendendo

107 2693 329 2775 multiplicare.
374 2693 416 2757 Et
434 2696 502 2774 qui,
525 2693 654 2758 diabolo
672 2697 860 2779 instigante,
891 2693 1029 2757 nefanda
1046 2694 1178 2758 crimina

107 2821 173 2862 non
197 2800 364 2860 metuimus
385 2803 585 2876 perpetrare,
612 2796 692 2861 baec
723 2798 850 2876 eadem,
879 2818 959 2878 quae
983 2817 1078 2876 opere
1104 2795 1177 2859 abs·

109 2923 169 2981 que
197 2898 264 2962 ulla
288 2898 480 2962 verecundia
505 2899 709 2980 perimimur,
745 2901 859 2964 eodem
885 2899 1038 2962 suadente
1064 2896 1177 2962 saltem

107 3001 217 3065 verbis
240 2996 384 3064 confiteri
407 2999 619 3064 erubescimus
642 3012 675 3065 et
697 3023 804 3066 coram
825 3001 967 3079 bomine,
995 3002 1047 3081 qui
1064 2999 1176 3065 similis

109 3105 212 3168 nostri
231 3090 303 3183 est,
320 3102 440 3165 eisdem
456 3103 593 3166 fortasse
610 3104 809 3184 passionibus
828 3104 985 3181 subiacet,
1012 3101 1178 3165 confundi·

109 3228 178 3268 mur
200 3205 323 3283 dicere,
351 3204 434 3285 quod
456 3226 563 3270 coram
580 3203 669 3286 Deo,
697 3208 749 3286 qui
767 3207 873 3268 omnia
889 3205 1030 3284 inspicit,
1058 3203 1177 3284 absque

109 3306 175 3371 ullo
192 3308 307 3369 mentis
320 3307 391 3391 541)
409 3306 525 3372 rubore
544 3311 739 3371 committere
761 3329 825 3370 non
842 3306 1095 3385 formidavimus,
1121 3304 1177 3367 de-

110 3409 257 3473 testanda
279 3409 404 3472 actione
417 3408 500 3492 548).
544 3408 665 3491 Sponte
687 3428 762 3493 ergo
784 3408 957 3485 fateamur,
985 3404 1067 3484 quod
1090 3403 1176 3468 nullo

179 3636 207 3682 c.
227 3635 330 3682 ccclv.
365 3632 392 3695 y)
406 3633 506 3684 Similia
522 3635 644 3694 leguntur
661 3634 689 3682 in
702 3633 802 3682 Poenit.
820 3631 889 3698 Lipr.
906 3652 941 3667 -
959 3628 1176 3691 curcurim,

110 3703 247 3763 inscriptio
257 3701 349 3763 capiti·
359 3706 395 3764 5.,
415 3717 438 3750 e.
447 3706 471 3752 o.
480 3706 507 3750 et
516 3719 538 3752 e.
548 3705 572 3751 ἵ.
582 3703 644 3769 (R).

240 3832 269 3888 †)
282 3830 372 3874 Mutet.
387 3845 407 3875 c.
421 3834 442 3874 6.
456 3844 478 3875 v.
493 3835 525 3876 14.

222 3899 270 3956 ἢ)
284 3898 334 3944 Lib.
348 3902 382 3943 22.
396 3900 484 3944 Moral.
499 3912 521 3944 c.
533 3902 553 3944 d.

154 4058 189 4118 C.
227 4057 352 4119 cculv.
423 4062 498 4132 547)
520 4060 625 4119 oolot:
670 4058 798 4134 Borcb.,·
835 4061 1000 4119 detestante
1037 4058 1176 4119 actc'ot're'r

113 4143 218 4203 Vieon.
264 4149 339 4218 548)
363 4146 561 4205 detestatione
579 4140 626 4205 lc·
670 4143 807 4206 Gelb-
825 4144 945 4205 Helmst.
968 4142 1030 4202 Bal.
1049 4152 1177 4201 nostram

110 4232 239 4290 strada.-
267 4226 390 4309 Guelpb.
409 4229 517 4302 Paris,
543 4228 626 4305 clete—
670 4229 735 4289 exb.
763 4230 831 4290 lect.

111 4316 244 4374 statione
280 4316 475 4376 detestanda:
521 4310 623 4374 trram
