2594 4898
421 340 505 425 App.
523 343 561 405 11.
580 364 653 425 cap.
673 342 852 405 lv-vltt.
1099 346 1170 411 ⁴27

104 512 195 591 dum,
222 520 259 575 ut
282 532 362 575 mox
388 511 513 575 detonsi
538 511 589 576 vel
615 514 788 576 ministerio
814 512 967 579 lectorum
980 516 1033 593 ¹⁹)
1060 515 1169 579 traditi

104 614 238 693 fuerint,
259 614 294 676 in
320 614 415 676 domo
440 612 594 678 ecclesiae
621 616 662 679 sb
676 617 727 699 ²⁰)
754 614 924 697 episcopali
949 618 1128 697 praesentia
1148 638 1171 681 a

105 718 289 795 praeposito
310 714 372 779 sibi
393 714 531 779 debeant
552 717 678 781 erudiri.
725 716 876 781 Liberum
897 725 1003 781 tamen
1024 721 1169 799 propriae

105 815 280 880 voluntatis
299 817 462 882 arbitrium
479 818 632 899 babeant,
650 818 705 881 ubi
722 840 757 882 se
775 818 940 883 clericatus
959 817 1063 883 officio
1081 842 1169 883 man-

106 920 207 999 cipari
224 918 452 1004 elegerint21).
479 920 537 999 At,
556 920 610 983 ubi
628 927 773 984 octavum
790 919 945 984 decimum
963 922 1077 985 aetatis
1094 941 1170 983 suae

107 1042 225 1085 auunrn
243 1020 483 1102 compleverint,
501 1044 608 1087 coram
626 1026 722 1087 totius
737 1020 813 1086 cleri
825 1021 989 1102 plebisque
1002 1028 1172 1101 conspectu

106 1120 255 1187 voluntas
273 1144 383 1187 eorum
400 1123 441 1189 de
458 1124 638 1205 expetendo
656 1126 800 1209 coniugio
813 1124 854 1188 ab
867 1126 1014 1205 episcopo
1027 1145 1171 1203 perscru-

106 1230 196 1289 tetur
206 1228 268 1309 ²²).
314 1223 435 1300 Quibus
453 1229 482 1289 si
497 1228 601 1311 gratia
618 1228 787 1304 eastitatis,
810 1225 882 1289 Deo
899 1229 1087 1307 inspirante,
1103 1224 1172 1306 pla·

109 1328 226 1405 cuerit,
252 1334 287 1391 et
307 1330 537 1407 professionem
554 1331 760 1393 castimoniae
776 1350 853 1391 suae
875 1328 995 1409 absquo
1013 1325 1173 1411 coniugali

108 1430 301 1493 necessitate
312 1430 364 1515 ²³)
381 1431 607 1511 spoponderint
622 1438 821 1509 servaturos,
843 1428 892 1508 bi,
910 1437 1060 1511 tanquam
1077 1450 1173 1509 appe·

107 1530 222 1593 tltores
239 1533 435 1595 arctissimae
452 1533 553 1610 vitae,
571 1530 730 1595 levissimo
748 1530 880 1595 Domini
895 1532 969 1616 ingo
986 1530 1172 1609 subdantur,

110 1652 150 1695 ac
165 1634 301 1712 primurn
316 1632 562 1697 subdiaconatus
579 1635 787 1697 ministerium
803 1634 952 1713 babeant,
971 1633 1054 1715 quod
1068 1656 1087 1696 a
1100 1652 1172 1713 pro·

108 1732 306 1816 batione²⁴)
331 1735 536 1816 professionis
561 1756 639 1799 suae
665 1758 686 1799 a
709 1739 859 1800 vicesimo
882 1757 967 1799 anno
989 1736 1171 1815 suscipiant.

111 1833 236 1910 Quodsi
251 1834 483 1917 inculpabiliter
499 1859 536 1902 ac
553 1839 708 1902 inoffense
725 1840 908 1903 vicesbnnm
925 1838 1068 1919 quintum
1085 1844 1173 1901 aeta·

110 1940 154 2001 tis
175 1959 252 2003 suae
274 1960 390 2003 aunam
410 1940 605 2023 peregerint,
628 1940 669 2003 ad
696 1942 880 2007 diaconatus
906 1938 1061 2019 officium,
1087 1940 1115 2001 si
1140 1937 1173 2001 id

112 2042 251 2104 scienter
269 2039 402 2121 implere
423 2061 516 2122 posse
538 2041 579 2105 ab
602 2044 750 2122 episcopo
768 2041 1025 2121 comprobantur,
1046 2060 1174 2122 promo-

112 2143 182 2206 veri
197 2150 340 2222 possunt.
442 2184 446 2191 ,

117 2328 155 2394 G.
173 2328 247 2397 vn.
297 2332 341 2399 Ut
363 2336 515 2400 daurom
535 2344 613 2401 aute
628 2332 732 2399 XXV
748 2354 862 2415 meos,
885 2342 921 2399 et
935 2330 1083 2400 secuda
1098 2338 1177 2399 aare
1186 2347 1215 2393 A.
1225 2346 1244 2394 ι
1254 2348 1295 2395 as.

462 2438 565 2503 XXX
577 2457 639 2501 ocu
656 2440 832 2505 ordtsetsr.

254 2573 314 2639 Ex
332 2571 506 2637 Concilio
523 2573 747 2640 Arelatensi
764 2570 849 2654 lIl.,
874 2594 949 2655 cap.
967 2570 1034 2650 bt)

199 2693 243 2756 Et
264 2694 338 2772 quia
354 2692 387 2753 in
405 2691 588 2757 ordinandis
610 2692 733 2757 clericis
755 2696 954 2775 antiquorum
971 2700 1097 2774 patrum
1113 2698 1177 2755 sta·

111 2800 182 2859 tuta
198 2814 263 2857 non
280 2794 322 2857 ad
333 2796 503 2879 integrum,
521 2797 602 2860 sicut
614 2797 754 2877 expedit,
773 2794 944 2861 observata
956 2816 1027 2861 esse
1045 2814 1178 2879 cognom

113 2898 211 2975 citur,
242 2917 283 2959 ne
315 2896 398 2960 forte
429 2918 683 2980 quorumcunque
712 2900 900 2979 importunis
930 2904 964 2963 et
991 2895 1177 2962 inordinatis

110 2998 257 3079 precibus
278 3000 461 3063 sacerdotes
480 2997 614 3065 Domini
635 3000 821 3086 fatigentur,
843 3008 878 3071 et
897 3022 952 3082 ea,
978 3022 1059 3083 quae
1080 3001 1178 3065 toties

112 3104 190 3165 sunt
207 3106 391 3181 praecepte,
412 3103 591 3186 transgredi
612 3103 855 3182 compellantur,
878 3102 939 3167 boc
960 3105 1044 3167 inter
1063 3123 1100 3166 se
1121 3100 1179 3167 ob-

112 3200 305 3265 servandum
321 3224 392 3265 esse
410 3199 575 3282 definiunt,
592 3212 628 3266 ut
645 3202 748 3267 nullus
765 3206 981 3285 episcoporum
998 3204 1179 3283 dheonnm,

113 3308 285 3382 antequam
327 3301 431 3367 XXV
475 3324 575 3368 annos
616 3302 762 3383 impleat,
810 3304 955 3369 ordinare
988 3310 1179 3385 praesumat.

111 3402 323 3485 Episcopatus
343 3427 421 3469 vero
442 3404 494 3470 vel
515 3404 753 3489 presbyteratus
772 3405 928 3470 bonorem
948 3396 1054 3469 nullus¹
1079 3402 1179 3470 laicus

113 3512 192 3570 aute
220 3510 424 3587 praemissam
455 3509 709 3588 conversionem,
741 3506 793 3573 vel
823 3515 897 3572 ante
927 3506 1036 3575 XXX
1065 3509 1179 3577 aeuus

114 3627 219 3671 annos
236 3610 379 3689 accipiat.

187 3884 214 3929 c.
231 3884 284 3933 vll.
319 3881 348 3949 g)
365 3886 500 3936 lisbsnn.
510 3884 788 3955 524.(see.strmonu.:
798 3892 939 3961 Arel.1V.).

161 4034 196 4092 C.
216 4033 268 4094 Vl.
299 4039 349 4109 19)
374 4056 460 4115 quum
481 4048 538 4099 tn:
563 4039 629 4100 add.
673 4053 769 4105 tetur:
787 4044 906 4125 Gnelpb.
920 4045 1025 4107 Vienn.
1061 4052 1114 4121 23)
1133 4069 1179 4108 re:

116 4118 194 4196 orig·
230 4124 283 4183 20)
302 4120 627 4186 substituentem.
671 4126 737 4187 edd.
756 4131 832 4207 orig.
875 4135 930 4203 24)
948 4134 1074 4203 maurit,
1093 4132 1178 4189 uali-

114 4202 175 4279 21)
192 4203 548 4285 hiberum-elegerim:
565 4208 627 4269 des.
672 4223 704 4273 ta
717 4215 912 4293 prolatione:
931 4216 1005 4292 orig.
1022 4214 1096 4273 cort.
1115 4215 1177 4271 citt.

117 4287 193 4363 orig.
211 4287 286 4348 Coll.
305 4290 368 4359 citt.
410 4290 467 4372 22)
483 4314 628 4372 praesen·
