2580 4890
185 350 259 414 m
429 340 594 407 uncino
618 340 751 403 Lllllill
767 340 1025 405 SECUNDUS.

186 518 227 583 ab
250 515 394 579 omuibus
416 512 583 592 fidelibus,
605 535 625 575 a
647 510 808 575 liminibus
829 510 996 577 ecclesiae
1021 518 1060 577 et
1075 519 1166 577 coetu
1178 511 1240 577 lide·

185 618 262 683 limn
283 639 383 697 usque
404 616 444 679 ad
466 615 716 678 satisfactionem
738 621 812 677 suut
833 613 1063 678 eliminandae
1084 623 1119 679 et
1132 620 1242 681 carcesi·

187 721 245 785 bus
266 718 455 796 tradendae,
484 716 619 798 qualiter
645 718 736 779 iaxta
762 715 891 779 beabnm
918 714 1111 797 apostolum
1134 718 1243 783 Panlnn

186 822 350 885 tradentes
372 819 548 883 huiusmodi
570 818 729 882 bominem
746 817 903 897 Satanae,
930 826 967 883 ut
997 822 1135 899 spiritus
1159 820 1243 885 sulen

186 926 228 988 sit
246 925 278 985 in
296 924 348 986 die
358 920 498 987 Domini.
526 919 577 983 De
594 919 712 983 talibus
730 921 815 984 enim
832 917 1047 985 etDominus
1064 945 1124 1002 per
1131 922 1243 1007 Moysen

186 1025 326 1106 loquitur
348 1025 456 1088 dicens
465 1022 522 1109 †):
547 1021 693 1102 Auferte
712 1025 827 1087 amun
852 1023 894 1087 de
919 1025 1033 1089 medio
1058 1033 1170 1089 uestri.
1209 1026 1243 1090 lle

188 1126 298 1208 quibus
320 1134 353 1190 et
372 1147 428 1205 per
446 1124 639 1206 Prophetam
651 1123 720 1211 ††)
744 1127 803 1187 ait:
825 1123 1037 1191 Laetabitur
1059 1134 1176 1209 matus,
1196 1151 1244 1193 css

174 1232 306 1313 ,eroon
323 1229 508 1306 vindictum,
526 1248 636 1292 nancta
652 1248 727 1292 mua
744 1225 867 1291 locabit
884 1234 921 1291 io
936 1240 1110 1315 catarsina
1119 1242 1243 1317 peccota

187 1340 243 1398 rte.
285 1330 337 1395 De
362 1329 479 1395 talibus
505 1352 639 1411 namque
661 1339 693 1394 et
715 1350 824 1394 eorum
842 1329 1009 1397 similibus
1034 1342 1135 1417 atque
1151 1335 1244 1401 eisdn

188 1434 459 1497 consentientibus
469 1434 513 1513 *),
536 1436 610 1513 qnia
631 1454 695 1497 non
711 1431 825 1511 solum,
844 1434 899 1513 qni
916 1433 1066 1517 faciunt,
1085 1438 1147 1503 sed
1160 1438 1242 1515 etin,

189 1538 243 1616 qni
263 1536 452 1599 facientibus
465 1540 518 1618 ⁶⁵)
541 1537 757 1614 consentiunt,
779 1536 827 1598 rei
847 1539 998 1616 sunt**),
1026 1536 1187 1605 Dominus
1206 1560 1242 1621 prs

189 1638 323 1701 eundern
344 1637 529 1719 prophetam
550 1634 658 1701 David
684 1635 822 1717 loquitur
843 1638 954 1701 dicens
970 1639 1102 1728 †††):
1137 1638 1241 1707 Vidcln

188 1742 309 1819 furem,
333 1738 482 1804 currebas
503 1761 572 1803 cum
590 1760 641 1819 co,
666 1749 785 1804 etcum
801 1740 963 1805 adulteres
977 1750 1165 1826 portione·
1180 1754 1240 1809 nn

183 1838 338 1925 ponebas,
362 1849 395 1904 et
415 1840 514 1905 multa
531 1840 592 1906 alia
611 1862 781 1923 eorumque
798 1840 925 1905 similia
974 1842 1084 1911 Tales
1107 1868 1181 1933 ergo
1193 1866 1241 1953 prr·

188 1962 286 2006 sonae
309 1942 523 2008 indubitanter
543 1942 707 2009 adulterae
727 1965 798 2007 esse
815 1945 1090 2029 manifestantur,
1110 1948 1240 2031 nunniti,

188 2041 300 2108 relicto
317 2046 489 2109 immortali
506 2067 639 2127 sponso,
662 2048 703 2110 ad
721 2048 927 2126 anteriorem,
952 2058 993 2113 ut
1016 2073 1119 2117 canes
1140 2052 1242 2133 adpro·

188 2148 305 2227 prium,
323 2156 397 2212 snut
412 2170 562 2212 reversae
579 2150 746 2228 vomitum,
769 2158 802 2212 et
818 2157 991 2229 apostatae
1009 2153 1140 2234 fache,
1157 2152 1241 2219 illicite

189 2272 228 2313 ac
248 2249 405 2333 sacrilega
426 2272 461 2314 se
485 2253 674 2335 contagione
696 2250 890 2333 polluentes,
914 2255 995 2318 viris
1020 2254 1241 2345 mortalibusn

190 2351 453 2437 conglutinantes.
512 2351 604 2428 Quae
640 2357 751 2434 etiam,
786 2356 879 2417 iuxta
914 2357 1060 2421 eundern
1088 2356 1242 2439 apostolus

188 2450 339 2534 Paulum,
374 2477 428 2535 eo,
461 2456 543 2536 qnod
574 2454 736 2520 viduitatis
766 2458 963 2535 propositum
995 2459 1244 2539 dimicamus

188 2554 299 2637 fidem,
319 2579 412 2637 qnam
429 2580 501 2621 cum
518 2555 590 2621 Deo
607 2561 804 2640 pepigemnt,
822 2558 973 2642 frangere
991 2568 1242 2641 praesmnsemot,

190 2668 283 2740 atque
305 2663 437 2741 primam
459 2657 553 2723 fidem
577 2662 888 2739 praevaricaverunt,
914 2670 994 2725 sunt
1016 2664 1242 2741 darnnandaes

190 2760 291 2824 nobis.
337 2760 428 2837 Quae
441 2765 495 2841 ⁶⁶)
519 2769 552 2825 et
574 2784 593 2824 a
610 2762 700 2825 vobis
719 2769 813 2842 atquc
830 2785 850 2825 a
865 2761 998 2843 reliquis
1021 2769 1132 2831 nostri
1147 2766 1243 2831 ordio'n

188 2863 279 2940 viris,
298 2885 318 2926 a
336 2863 467 2946 singulis
485 2862 632 2927 videlicet
649 2885 706 2927 sua
723 2866 756 2927 in
774 2864 927 2944 dioecesi,
947 2886 969 2929 a
982 2864 1153 2933 liminibus
1166 2865 1243 2932 eucle-

188 2965 255 3026 siae
278 2972 311 3027 et
329 2986 348 3026 a
365 2972 456 3027 coetu
478 2963 619 3029 fidelium
640 2988 738 3047 usque
760 2968 800 3030 ad
817 2967 1095 3051 satisfactionem,
1117 2978 1153 3035 ut
1171 2990 1243 3051 prae·

188 3067 392 3145 dictumest,
416 3075 489 3131 sunt
511 3067 730 3132 eliminandae.
774 3067 804 3132 A
827 3068 936 3132 talium
960 3079 1077 3135 antem
1104 3072 1243 3137 consortio

188 3178 220 3231 et
238 3171 393 3232 societate
412 3191 521 3233 omnes
540 3168 651 3233 fideles
669 3174 702 3233 in
720 3171 862 3234 omuibus
881 3171 1053 3236 abstinere
1066 3176 1243 3239 mandamns·

187 3271 290 3353 Super
308 3272 418 3352 quibus
437 3274 532 3334 etiam
549 3271 682 3351 placuit,
701 3295 860 3353 quousque
877 3274 910 3335 iu
928 3274 1002 3352 ipso
1023 3276 1243 3340 detestandoet

187 3372 299 3437 illicito
322 3381 415 3453 atque
437 3372 593 3456 sacrilego
617 3377 721 3438 carnis
745 3374 952 3438 contubernio
976 3382 1243 3455 perseverant,nt

186 3473 289 3538 nullus
309 3474 571 3555 Christianorum,
592 3479 650 3539 nisi
670 3477 779 3556 quibus
796 3475 938 3557 proprius
955 3480 1069 3543 studio
1084 3477 1243 3565 corrigendi

185 3579 313 3641 iusserit
339 3581 516 3659 episcopus,
544 3600 614 3643 cum
640 3581 687 3642 eis
713 3582 745 3641 in
770 3600 924 3658 quoquam
948 3587 1180 3661 communicet,
1201 3592 1243 3642 ant

186 3679 225 3742 ad
245 3681 383 3760 domum,
402 3683 434 3744 in
453 3704 513 3761 qua
530 3688 614 3760 sunt,
633 3682 773 3759 accedat,
792 3703 861 3743 cum
879 3680 992 3760 quibus
1013 3687 1128 3764 ctiam,
1147 3692 1180 3747 ut
1192 3684 1240 3744 iau

186 3780 286 3845 dictus
313 3791 439 3848 sanctus
470 3786 631 3865 praecepit
662 3783 840 3864 ppostolus,
869 3781 948 3846 nulli
980 3782 1132 3851 fidelium
1157 3784 1239 3851 cibun
1273 3784 1286 3894 c:

183 4256 258 4372 dd).
251 4318 270 4358 o
287 4214 446 4381 nobisque:
465 4298 534 4361 ibid.
572 4297 692 4375 *)dr'cr'-
735 4313 904 4382 sequuntur,
925 4301 989 4364 des.
1010 4217 1134 4365 ibid.
