2594 4898
184 289 271 425 bra,
429 334 594 397 nncruo
617 335 750 396 utana
772 333 1015 396 sucuunus.

496 503 552 568 De
577 502 678 567 falso
706 505 941 568 testimonio.
967 495 972 501 ’

269 630 322 690 40.
367 624 640 707 interrogandum,
658 626 686 686 si
703 621 818 702 aliquis
836 625 973 685 scienter
987 631 1101 688 contm
1119 625 1249 707 aliquem

110 730 120 754 '
184 728 299 793 falsum
316 729 531 792 testimonium
545 724 723 806 protulerit,
743 728 816 804 quia
833 722 894 787 hoc
909 725 1043 804 capitale
1058 730 1182 792 crimen
1197 738 1248 807 est,

185 838 218 895 et
235 831 326 913 quale
345 831 493 892 damnum
510 828 623 909 aliquis
640 849 696 907 per
714 826 794 890 banc
812 823 1074 892 testificationem
1092 829 1247 894 babueritl

269 939 322 994 41.
367 931 646 1014 Interrogandum,
674 932 701 991 si
723 927 835 1008 aliquis
858 928 1019 994 hominem
1041 929 1181 996 liberum
1202 941 1250 996 aut

137 1053 139 1058 ’
184 1057 311 1099 servum
342 1033 491 1110 alterius,
524 1041 578 1095 aut
608 1034 806 1114 peregrinum
834 1036 867 1093 c't
897 1032 1107 1096 adventitium
1133 1035 1249 1098 furatus

183 1139 292 1214 fuerit,
313 1145 367 1199 aut
386 1158 456 1198 eum
475 1134 664 1197 blandiendo
683 1134 844 1196 seduxerit
863 1141 894 1196 et
912 1135 1093 1198 vendiderit
1111 1145 1146 1199 et
1164 1146 1250 1200 extra

183 1242 317 1321 patriam
343 1241 376 1300 in
404 1239 617 1317 captivitatem
642 1236 780 1313 miserit,
808 1242 863 1297 aut
884 1238 911 1297 si
934 1235 1046 1317 aliquis
1065 1236 1188 1302 Iudaeo
1204 1237 1249 1301 vel

182 1363 308 1424 pagano
336 1339 549 1403 Christianum
585 1339 771 1416 mancipium
806 1337 999 1418 vendiderit,
1036 1347 1108 1419 aut,
1138 1343 1168 1405 si
1196 1342 1250 1421 ipsi

185 1443 293 1507 ludaei
314 1441 497 1506 Christiana
508 1428 669 1519 mancipia
688 1438 844 1502 vendenti
1033 1432 1035 1437 ’
1292 1426 1295 1434 ⁴

380 1611 436 1676 De
463 1611 768 1675 incantatoribus
791 1619 829 1676 et
850 1611 1060 1695 sortilegis.

269 1738 321 1794 42.
368 1731 643 1814 Interrogandum,
658 1733 695 1807 ‚si
717 1729 830 1810 aliquis
847 1733 891 1795 sit
907 1752 1033 1816 magus,
1057 1730 1182 1813 ariolus
1202 1741 1251 1796 aut

184 1839 362 1898 incantator
380 1834 520 1910 divinae,
540 1840 595 1895 aut
612 1832 780 1918 sortilegus
798 1833 859 1896 siti

269 1943 311 2001 43
322 1939 362 2019 g).
399 1934 434 1998 Si
452 1931 563 2014 aliquis
581 1942 658 1997 vota
680 1935 721 1997 ad
743 1935 873 1999 arbores
890 1934 944 1999 vel
960 1933 1002 1998 ad
1017 1935 1127 2000 fontes
1145 1937 1198 2000 vel
1214 1938 1250 2001 ad
1290 2018 1295 2027 ι

185 2039 306 2119 lapides
326 2038 475 2118 quosdam
495 2040 583 2117 quasi
602 2038 642 2099 ad
660 2035 775 2100 altaria
796 2039 910 2116 faciat,
938 2033 1061 2102 autibi
1087 2039 1250 2104 candelam

185 2163 242 2204 seu
260 2139 421 2220 quodlibet
438 2162 549 2202 munus
568 2140 705 2217 deferat,
724 2137 812 2203 velut
828 2140 873 2203 ibi
891 2141 1049 2220 quoddam
1066 2162 1186 2206 numen
1201 2145 1250 2220 sit,

184 2245 268 2324 quod
287 2244 405 2306 bonum
423 2245 478 2305 aut
494 2240 612 2304 malum
629 2243 728 2320 possit
745 2241 880 2305 infernal

269 2341 360 2429 44¹¹).
405 2343 686 2422 Perscrutandum,
709 2346 736 2407 si
762 2342 875 2423 aliquis
896 2343 1045 2410 subulcus
1067 2345 1122 2411 vel
1144 2345 1251 2411 bubnl·

186 2470 239 2511 cus
265 2450 332 2510 sive
357 2454 492 2509 venator
515 2444 568 2509 vel
596 2447 694 2509 ceteri
720 2445 899 2510 huiusmodi
929 2446 1086 2511 diabolica
1113 2451 1252 2513 carmina

185 2550 270 2613 dicat
287 2571 381 2629 super
398 2562 511 2628 panem
534 2554 589 2611 aut
609 2546 741 2626 herbas,
771 2555 803 2611 et
829 2571 922 2630 super
948 2551 1104 2630 quaedam
1132 2553 1251 2615 nelarie

48 2699 58 2719 ,
183 2651 372 2736 ligamenta,
401 2657 433 2712 et
456 2648 535 2712 haec
557 2652 590 2711 in
613 2649 727 2712 arbore
750 2649 941 2730 abscondat,
969 2659 1025 2715 aut
1041 2655 1075 2715 in
1093 2653 1181 2717 bivio
1200 2659 1251 2717 aut

183 2756 216 2816 iu
234 2755 328 2815 trivio
349 2754 510 2830 proiiciat,
529 2757 564 2812 ut
581 2771 639 2812 sua
657 2750 804 2815 animalia
822 2752 938 2816 liberet,
955 2776 974 2815 a
991 2761 1081 2834 peste
1100 2761 1135 2819 et
1152 2755 1251 2835 clade,

185 2862 217 2918 et
235 2853 364 2917 alterius
383 2853 505 2932 perdat,
525 2874 605 2931 quae
623 2856 730 2917 omnia
747 2852 960 2919 idololatriam
979 2877 1051 2919 esse
1067 2856 1148 2921 nulli
1164 2856 1253 2921 fideli

185 2955 312 3018 dubium
330 2962 394 3033 ost,
413 2963 446 3017 at
463 2955 534 3018 ideo
553 2977 751 3036 summopere
769 2965 843 3021 sunt
860 2959 1114 3021 exterminanda.
1152 2960 1155 2964 ’

269 3062 310 3120 45
326 3056 360 3141 ¹).
406 3057 668 3137 Perquirendnm,
695 3061 723 3121 si
746 3056 851 3138 aliqua
872 3060 991 3123 femina
1013 3063 1070 3136 sit,
1098 3082 1180 3141 quae
1198 3082 1254 3142 per

184 3160 338 3240 quaedam
370 3157 526 3223 maleficia
553 3167 585 3222 ct
610 3163 842 3224 incantationes
872 3170 995 3225 mentes
1027 3162 1192 3227 hominum
1218 3185 1252 3227 se

182 3265 350 3325 immutare
367 3284 459 3342 posse
478 3264 577 3339 dicat,
604 3263 636 3324 id
659 3269 723 3342 est,
749 3269 786 3326 ut
808 3263 847 3325 da
869 3264 943 3325 odio
962 3266 994 3327 in
1012 3286 1172 3347 amorem,
1200 3274 1252 3330 aut

183 3366 222 3428 de
257 3387 365 3428 amore
396 3367 427 3426 in
461 3365 567 3426 odium
600 3373 783 3443 convertat,
815 3373 869 3428 aut
900 3365 982 3429 bona
1008 3365 1173 3431 hominurn
1200 3380 1252 3431 aut

183 3468 311 3530 damnet
329 3472 384 3530 aut
402 3464 572 3545 subripiati
595 3466 648 3545 Et,
667 3469 695 3528 si
713 3464 819 3546 aliqua
837 3474 900 3545 est,
925 3490 1006 3548 quae
1023 3491 1058 3532 se
1077 3470 1166 3535 dicat
1182 3492 1253 3534 curn

183 3570 369 3632 daemonum
401 3566 494 3629 turba
525 3570 557 3630 in
583 3566 788 3632 similitudine
822 3566 989 3633 mulierum
1023 3571 1253 3635 transformata

183 3672 276 3732 certis
290 3666 435 3730 noctibus
450 3671 592 3747 equitare
605 3692 697 3749 super
711 3671 863 3749 quasdam
872 3671 992 3734 bestias
1002 3674 1075 3736 etin
1086 3675 1252 3759 eorumn)

182 3772 343 3833 consortio
375 3770 613 3835 adnumeratam
644 3793 736 3851 csse,
772 3770 851 3836 baec
882 3770 955 3836 talis
986 3777 1178 3841 omnimodis
1209 3796 1252 3840 ex

180 3870 330 3953 parochia
349 3873 500 3936 eiiciatur.

180 4003 393 4013 ,-.--..-.-

248 4059 273 4128 §.
291 4064 332 4109 43.
368 4064 395 4124 gl
415 4061 454 4111 Cf.
465 4064 557 4110 Burcb.
567 4064 600 4113 X.
611 4066 654 4113 32:
665 4065 710 4112 Ex
721 4067 796 4113 Cone.
807 4063 902 4127 Agalla.

247 4133 271 4191 ᾗ.
291 4133 332 4178 44.
369 4131 398 4190 h)
417 4133 454 4179 Gt.
465 4132 557 4179 Burcb.
567 4132 600 4180 Χ.
612 4136 656 4179 18;
671 4133 717 4180 Es·
728 4135 803 4181 Cone.
814 4133 949 4196 Rotomag.

246 4202 270 4260 ᾗ.
288 4202 329 4247 45.
365 4199 390 4260 i)
409 4201 447 4246 Gt.
456 4199 549 4247 Bureb.
558 4200 592 4249 X.
603 4203 648 4249 29:
662 4201 707 4249 Ec·
718 4203 794 4251 conc.
805 4200 901 4264 Agara

221 4301 246 4380 §-
274 4305 324 4363 45.
358 4304 416 4377 20)
449 4319 568 4361 eurum:
599 4301 690 4362 Paris.
736 4301 855 4363 Helmst.
