2594 4898
451 337 684 417 capacem·
725 338 851 403 ccelx.
1114 347 1186 410 555

109 507 149 572 C.
170 503 318 571 cccvi.
348 503 394 568 Ut
409 508 515 569 eolles
532 508 668 570 ulterius
679 508 909 591 parochianum
927 476 1185 579 eaoommooioet,
1196 531 1245 578 303

205 688 209 693 .
313 641 372 704 Ex
389 640 567 721 Epistola
584 640 792 723 zepherini
809 642 983 731 Papaeu).

198 760 303 826 Nemo
326 761 441 824 absens
463 761 636 840 iudicetur,
660 765 733 841 quia
755 763 911 828 humanae
929 774 963 829 et
979 769 1105 831 divinae
1124 768 1184 834 hoc

107 860 281 947 prohibent
297 860 399 946 leges.
441 861 571 927 Nullum
588 885 723 943 namque
742 887 867 945 eorum,
887 868 918 930 id
937 876 1001 947 est,
1022 880 1184 935 accusato·

108 974 189 1032 rum‘
205 968 364 1030 sententia
386 987 449 1028 non
468 988 488 1031 a
504 987 564 1028 suo
586 967 690 1029 iudice
713 967 797 1031 dicta
820 972 1032 1056 constringat,
1057 974 1129 1051 quia
1151 982 1184 1038 et

105 1068 209 1133 seculi
226 1067 314 1153 leges
334 1069 367 1131 id
385 1070 487 1147 ipsum
504 1065 576 1131 fieri
592 1071 797 1149 praecipiunt.

389 1305 427 1370 C.
448 1303 613 1370 cccvll.
658 1306 713 1372 De
731 1309 841 1373 eadem
857 1332 904 1375 re.
1057 1387 1064 1401 .
1114 1337 1119 1343 ·
1193 1322 1243 1368 300

372 1442 430 1515 Ex
464 1442 567 1528 Lege
604 1403 926 1532 Theodosianav).

197 1562 234 1626 In
258 1564 360 1627 causis
384 1565 576 1642 privatomm
598 1563 671 1627 talis
694 1567 777 1626 ratio
801 1565 1002 1647 observetur,
1025 1576 1061 1632 ut
1079 1568 1200 1633 nulius

106 1667 241 1732 alterius
260 1658 386 1740 iudicis,
404 1667 467 1728 nisi
484 1667 534 1726 sui
551 1668 711 1753 sententia
729 1675 885 1731 teneatur.
973 1720 976 1725 .

386 1886 423 1953 C.
442 1885 620 1952 CCCVIII.
665 1887 720 1953 De
737 1889 845 1954 eadem
863 1913 909 1955 re.
1192 1909 1242 1956 sos
1253 1913 1275 1960 0.

502 2025 565 2109 ¹Ex
591 2025 721 2087 eadem
735 2032 781 2101 W).
803 2064 807 2071 -

194 2143 308 2209 Nullus
329 2145 455 2224 penitus
478 2144 639 2221 audiatur,
667 2147 720 2224 qui
740 2146 832 2207 unius
855 2167 970 2210 causae
992 2149 1181 2228 propositio-

103 2271 183 2315 nem
202 2248 285 2328 apud
303 2247 383 2310 duos
400 2246 518 2310 iudices
535 2246 654 2326 partire
676 2248 750 2327 613)
769 2245 913 2310 voluerit.

398 2466 435 2533 C.
456 2465 605 2532 ccclx.
649 2466 703 2532 De
720 2468 830 2533 eadem
846 2490 892 2532 re.
1189 2487 1239 2534 306

200 2686 201 2690 ¹
433 2605 492 2669 Ex
510 2602 849 2689 capitularibus¹).

194 2727 240 2792 Ut
256 2747 349 2790 nemo
368 2727 585 2808 episcoporum
602 2722 762 2788 hominem
780 2730 964 2805 peccantem
982 2723 1023 2788 ab
1041 2723 1203 2815 eeclesias

107 2840 140 2895 et
154 2828 341 2893 Christiana
356 2826 512 2912 reiigione
524 2826 575 2889 vei
590 2829 811 2891 communione
824 2825 956 2906 alienet,
975 2828 1076 2891 donec
1088 2826 1178 2893 iilum

106 2933 281 2997 secundum
300 2928 516 3016 evangelicum
532 2940 748 3010 praeceptum,
767 2936 804 2992 ut
820 2930 861 2992 ad
881 2929 1132 2994 eurendationem
1147 2937 1181 2996 et

105 3037 335 3116 poenitentiam
356 3032 483 3110 redeat,
507 3035 730 3107 commonitum
754 3029 881 3094 haheat.
932 3029 1053 3105 Quodsi
1076 3035 1180 3096 incor-

105 3136 242 3223 rigibilis
263 3136 488 3217 permanserit,
511 3136 617 3218 regiae
639 3135 789 3213 potestati
813 3134 977 3214 episcopus
1000 3141 1110 3196 notum
1132 3135 1180 3198 fa·

107 3243 189 3320 ciat,
219 3248 256 3302 ut
286 3238 615 3320 consffingaturtss).
669 3232 794 3309 Quodsi
826 3254 884 3296 nec
914 3236 960 3297 sic
991 3237 1179 3314 correxerit,

105 3352 182 3407 tuno
201 3342 372 3405 secuudum
391 3339 478 3424 leges
498 3339 666 3402 canonicas
685 3359 704 3398 a
722 3337 939 3399 communione
962 3334 1182 3399 ecclesiastica

106 3452 303 3531 segregetur.
522 3476 569 3520 0.-

176 3724 205 3771 6.
225 3712 357 3768 CGGVIL'
376 3721 405 3782 u)
419 3715 962 3778 130001Ρο00ᾱοί010100.00110103.(10(1.ΙΙΙ.
976 3717 1034 3764 185.
1043 3740 1077 3751 -
1086 3716 1179 3765 Burcir·

106 3792 176 3841 xvl.
187 3793 228 3838 13.
238 3789 303 3851 (8.),
314 3803 337 3837 e.
347 3790 389 3835 111.
399 3803 423 3847 q.
435 3790 458 3836 9.
469 3801 490 3832 c.
501 3787 541 3834 13.

176 3861 204 3909 C.
223 3860 338 3906 cccvii.
375 3859 401 3918 v)
420 3859 468 3902 lnt.
479 3857 508 3902 L.
519 3857 542 3902 2.
553 3854 612 3900 cod.
623 3853 718 3900 Theod.
729 3855 767 3899 De
777 3866 805 3900 re
816 3851 867 3901 iud.
877 3852 931 3912 (IV.
942 3851 1004 3914 16.).

176 3930 205 3976 C.
224 3928 352 3975 cccvm.
387 3925 422 3984 w)
440 3926 488 3972 snt.
497 3925 526 3970 L.
539 3926 561 3970 2.
572 3922 632 3969 Cod.
643 3921 739 3971 Theou.
750 3922 788 3967 Dc
798 3921 849 3970 iud.
860 3923 903 3982 (11.
915 3921 978 3981 18.).

178 3998 207 4044 G.
226 3995 332 4042 ccclx.
367 3991 396 4054 x)
413 3994 537 4050 Excerpt.
552 4004 585 4038 ex
600 4005 622 4038 o.
632 3993 655 4038 6.
671 3990 923 4051 6000001.Ι.001000.,
938 3991 1026 4039 Karai.
1036 3994 1065 4038 'et
1075 3990 1179 4039 hother.

105 4055 253 4114 1001033118.
263 4063 378 4111 cantori·
388 4076 430 4123 sp.
439 4062 584 4108 contiueat.
593 4073 653 4106 enn.
664 4061 721 4108 860.

151 4219 185 4278 C.
211 4215 365 4276 cccvssl.
394 4219 472 4288 613)
492 4214 623 4291 partiri:
712 4210 744 4268 C.
765 4209 889 4270 ccelx.
914 4206 1178 4287 6160οἤ01030-

106 4302 186 4364 nito.
205 4301 267 4362 Bai.
581 4358 618 4372 ..
670 4306 736 4355 tur:
755 4295 873 4355 Heimst.
929 4297 934 4306 '
