2594 4898
338 314 416 393 Cap.
436 314 743 380 ccccl-ccccv.
1003 326 1074 388 too
1140 277 1143 282 ἢ

88 480 351 565 nectentem).
367 482 518 547 diaconiis
546 495 601 549 aut
626 485 794 571 presbyter
820 488 916 554 fuerit
943 491 1070 554 ordina·

94 583 215 662 ipsein
233 580 398 647 clericatus
421 581 526 648 officio
548 597 748 668 permaneat,
776 592 940 671 episcopus
963 601 1070 657 autem

88 687 155 768 W)
170 681 288 763 duplici
296 684 515 749 satisfactione
529 687 657 751 domiuo
669 688 922 776 persolvat⁶⁶⁰).
946 692 1067 758 sivero
1109 694 1113 703 “

88 807 167 866 opus
185 806 313 850 servum
330 808 401 850 eum
419 809 490 852 csse
507 792 656 855 nescierit
669 794 761 875 ⁶⁶¹),
781 796 835 874 qui
851 796 1068 863 testimonium

88 887 114 950 lo
127 889 198 970 662)
216 887 398 967 perhibent,
421 899 477 953 aut
493 912 565 955 eum
582 891 745 973 postultmt
756 898 828 979 663)
847 895 1001 976 ordinari,
1026 900 1067 961 ai·

88 992 377 1069 recompensatione
389 994 464 1074 664)
482 1000 651 1057 teneantur
669 995 812 1059 obnoxii.

88 1190 100 1255 '.
126 1190 283 1257 CCCCV.
296 1197 385 1275 665).
445 1194 490 1260 Ut
510 1200 615 1263 eolles
637 1204 851 1263 memmerunt
871 1204 1008 1266 atterius
1077 1212 1125 1257 2³⁷

88 1295 257 1378 parochiae
279 1299 428 1361 clericum
445 1300 650 1388 latenter'ad
665 1302 895 1366 ordinationem
910 1305 982 1366 eet·

434 1400 630 1464 introducet.

250 1534 308 1597 Ex
326 1533 502 1599 Concilio
519 1533 807 1622 Nanneteosi0).

88 1650 242 1718 Omnibus
267 1657 427 1717 ministris·
446 1653 682 1718 ecclesiasticae
714 1656 876 1739 dignitatis
903 1658 1065 1722 interdici·

110 1765 145 1819 ut
166 1754 287 1833 nullus,
315 1777 500 1835 quocunque
522 1779 651 1821 munere
674 1766 728 1821 aut
751 1759 869 1822 lavore
887 1769 1064 1838 comptus,
1096 1841 1102 1864 ²

88 1880 147 1920 :um
172 1855 302 1920 alterius
327 1857 498 1937 parochiae
519 1856 657 1925 latenter
677 1882 716 1924 ac
736 1861 852 1924 furtive
875 1862 915 1924 ad
938 1862 1065 1927 ordina-

107 2080 130 2112 e.
147 2067 189 2111 46.
206 2066 315 2112 concilii
333 2066 545 2127 wormatiensis,
564 2068 622 2116 hob.
639 2082 699 2116 anu.
718 2070 789 2126 866,
809 2030 856 2116 cul
870 2070 991 2129 congruit
1007 2071 1064 2118 c.8.

92 2133 110 2179 ii
118 2134 249 2180 Aurelian.
259 2136 278 2182 Ι.
288 2133 346 2180 hab.
356 2148 415 2182 ann.
424 2137 495 2193 5114
514 2136 547 2181 cl.
557 2151 579 2183 c.
590 2137 631 2183 2³.
642 2136 739 2183 concil.
749 2137 892 2197 Mogontin.
906 2139 953 2183 suls
968 2137 1064 2184 Karolo

88 2205 106 2249 6.
120 2216 144 2249 a.
158 2202 216 2250 81³.
235 2228 266 2236 -
285 2202 377 2249 Borch.
391 2204 421 2250 11.
436 2205 489 2262 24.,
509 2204 585 2250 Dect.
599 2205 641 2252 Vl.
656 2205 714 2251 125.
728 2204 793 2263 (tt),
813 2204 879 2249 out.
892 2205 956 2251 inv.
970 2218 993 2251 c.
1009 2207 1062 2251 stt:

88 2284 131 2317 me.
141 2269 228 2317 Aurel.
238 2284 259 2317 e.
271 2273 294 2317 5.

88 2337 245 2467 ὺῦἳῧξῖζ.)
256 2337 283 2398 c)
292 2338 320 2387 G.
330 2339 353 2384 l.
363 2338 409 2398 (ci.
419 2352 498 2397 supra
506 2339 538 2384 ad
549 2340 576 2385 C.
587 2339 637 2386 CV.
647 2337 742 2396 noth).
750 2361 786 2372 -
802 2337 895 2386 Burch.
905 2339 924 2385 Ι.
936 2340 993 2387 166.
1002 2337 1062 2399 (a),

88 2574 236 2635 cccclv.
273 2573 347 2657 658)
359 2577 438 2652 quod
448 2595 510 2635 ser·
553 2576 582 2632 iu
593 2585 730 2635 contextu
740 2574 828 2633 multo
838 2575 985 2633 anteriore
996 2573 1061 2633 loco

88 2663 124 2720 it.-
144 2659 209 2719 add.
230 2660 303 2737 orig.
349 2661 426 2740 659)
446 2663 509 2737 epse
553 2662 609 2718 iam
629 2661 897 2719 eratintericctum.
920 2659 1062 2731 Quamob-

106 2743 158 2824 off.
173 2755 378 2823 permanente,
398 2749 510 2822 epzlcco-
553 2742 614 2804 re'm
641 2743 715 2824 apud
737 2743 799 2804 Bal.
824 2761 936 2825 quoquo
959 2743 1063 2803 iuscri-

88 2850 166 2890 eum:
210 2828 310 2889 Aurel.
338 2829 411 2888 Coll.
448 2831 510 2888 citt.
555 2832 680 2909 ptiouem
699 2841 824 2888 nostram
844 2830 871 2888 h.
889 2828 911 2889 Ι.
931 2829 1061 2907 legimus,

88 2925 268 2992 compenset.-
289 2912 356 2971 ibid.
396 2919 514 2985 tonet
554 2914 605 2973 sed
625 2926 789 2974 contextum
808 2915 921 2972 minime
945 2932 1063 2973 cumea

88 3020 125 3058 tm
144 3002 185 3058 od
200 3001 510 3076 seerosorde'nespro-
554 3011 772 3079 congruentem.
822 2999 911 3074 Quum
935 3000 1009 3057 euim
1033 3001 1061 3056 io

88 3095 106 3143 ⁸.-
127 3083 191 3143 add.
222 3085 333 3142 Worm.
386 3087 510 3156 oottde
554 3096 690 3145 contextu
709 3087 764 3143 iam
788 3105 844 3142 uou
862 3082 978 3142 adesset
995 3083 1023 3142 h.
1039 3085 1059 3142 Ι.

91 3168 342 3229 desoutinAurcl.
359 3168 432 3227 Coll.
447 3171 509 3227 citt.
554 3181 641 3248 caput
673 3168 850 3248 respondeus
882 3169 1061 3246 inscriptioni

88 3257 336 3332 supplzeaoere'nt:
347 3254 417 3316 ibid.
437 3258 510 3331 664)
554 3254 667 3325 iudicis,
687 3255 816 3312 lacunam
831 3251 1000 3330 explendam
1015 3271 1062 3309 m-

88 3340 218 3398 bitz'one:
235 3337 304 3396 ibid.
553 3349 614 3411 tus,
642 3337 716 3396 idem
740 3336 908 3395 emendator
925 3336 971 3394 vel
989 3335 1062 3393 alius

97 3424 232 3482 CCCCV.
274 3429 347 3493 665)
368 3423 511 3482 Emenda-
554 3423 617 3501 quis
648 3420 725 3480 aliud
753 3420 804 3479 sub
833 3419 933 3477 eadem
953 3419 1001 3475 illa
1019 3419 1063 3475 iu·

88 3510 214 3586 eginonis
226 3507 273 3582 (de
288 3510 393 3586 quoct'.
404 3509 509 3585 prael.)
553 3508 712 3585 scriptione
744 3506 830 3580 (satis
855 3499 929 3562 licet
954 3503 1062 3580 inopte,

87 3614 121 3653 er
152 3594 228 3651 illam
260 3595 287 3650 iu
320 3594 376 3652 line
408 3595 510 3672 capitis
556 3613 638 3670 quum
657 3591 713 3649 huc
733 3611 788 3648 uon
807 3589 962 3668 pertineat)
981 3585 1064 3645 addi-

88 3700 114 3750 ι,
152 3677 208 3736 hoc
240 3697 352 3757 quoque
380 3684 468 3754 caput
495 3699 512 3736 a
556 3677 703 3755 ditcaput‚
723 3672 1064 3753 quodquidemioomui·

96 3783 148 3822 suo
167 3765 289 3821 removit
309 3765 388 3834 loco,
408 3765 512 3823 citato·
554 3758 965 3841 buspraeterTrev.etGoth.
978 3756 1064 3816 Codi-

88 3849 117 3907 lli
135 3847 282 3926 adposuit3
309 3868 392 3926 quum
416 3859 512 3906 autem
556 3846 636 3905 cibus
650 3847 681 3905 h.
693 3847 711 3904 1.
727 3847 834 3925 legitur
845 3843 918 3917 (Bal.
930 3863 956 3903 c.
967 3848 1064 3913 393·)‚

88 3955 124 3992 uu
152 3935 257 3993 seriem
285 3953 340 3990 uou
369 3952 460 4011 aeque
483 3935 510 3990 in
555 3933 583 3989 iu
599 3933 642 3990 his
656 3931 766 3990 duobus
784 3941 879 3990 autem
890 3928 984 3988 deest.
1007 3929 1063 4000 (tf.

88 4039 98 4078 e
122 4019 342 4097 permutaverit,
369 4019 398 4074 iu
422 4019 512 4077 omni·
555 4016 629 4077 inira
648 4017 669 4077 l.
690 4023 777 4088 tat,
798 4017 846 4075 uti
865 4014 958 4074 eidem
977 4012 1065 4090 capiti

88 4096 169 4163 :ott
193 4103 373 4187 iutemolatis
395 4103 422 4161 h.
444 4103 511 4161 tin
555 4114 666 4163 rectum
692 4113 843 4183 aptumque
870 4098 999 4160 dedimus
1022 4096 1066 4154 lo-

88 4211 97 4250 e
111 4190 242 4268 sequitur
255 4189 405 4265 inscriptio
419 4189 511 4246 nostri
555 4192 641 4261 cum.)

89 4295 114 4349 s,
132 4293 299 4356 quamquam
319 4284 403 4350 caput
422 4274 511 4352 ipsum
