2594 4898
184 313 231 377 Ὶθ
461 311 626 374 uncino
643 310 776 373 LIBER
793 310 968 387 PRIMUS,

184 502 248 548 non
266 487 316 546 ost
331 480 460 545 dubium
476 480 517 545 do
533 477 680 545 fidelibus
697 479 936 564 aegrotantibus
958 480 1060 559 accipi
1079 477 1135 543 vol
1156 478 1252 545 intel·

183 584 239 670 ligi
258 583 388 663 debaro,
416 584 552 669 quim)
579 589 690 646 sancto
713 582 784 646 oleo
808 581 985 647 chrismatis
1006 585 1165 667 perungui
1182 602 1252 664 pos·

184 693 272 770 sunt,
300 685 397 766 quod,
425 684 464 748 ab
488 686 633 765 episcopo
651 685 844 763 confectum,
873 704 936 746 non
953 682 1058 748 solum
1075 685 1251 749 sacerdoti·

183 792 256 868 bus,
282 788 339 851 sod
366 786 508 850 omnibus
535 789 581 850 uti
598 783 786 850 Christianis
811 784 947 849 licat·iu
968 807 1027 849 sua
1050 788 1106 851 aut
1122 806 1251 851 suorum

182 893 373 955 necessitate
390 888 600 972 unguendum.
636 885 787 952 Ceterum
806 885 884 950 illud
901 876 1251 968 superfluum'viilcrnus

184 992 352 1071 adiectum,
370 990 462 1053 atde
480 992 625 1070 episcopo
644 990 839 1074 ambigatur,
867 991 949 1069 quod
969 989 1167 1072 presbyteris
1180 990 1249 1075 828)

182 1093 279 1159 licere
296 1114 360 1157 non
379 1091 505 1155 dubium
518 1098 567 1155 est
580 1092 662 1175 ³²⁹).
698 1089 783 1154 Nam
795 1091 913 1154 idcirco
927 1091 1121 1174 presbyteria
1136 1092 1249 1155 dictum

182 1204 245 1275 est,
274 1197 345 1275 quia
363 1196 501 1274 episcopi
520 1193 779 1273 occupationibus
797 1192 868 1257 aliis
890 1194 1047 1274 impediti,
1076 1194 1117 1257 ad
1140 1214 1248 1257 omno·

179 1296 347 1381 languidos
365 1299 412 1359 ire
431 1316 494 1359 non
511 1303 653 1375 possunt.
699 1294 864 1374 Ceterum,
884 1297 911 1358 si
929 1296 1093 1376 episcopus
1112 1301 1169 1359 aut
1181 1301 1248 1376 pot·
1288 1292 1291 1316 ¹

181 1407 244 1479 cst,
272 1407 327 1462 aut
353 1399 480 1482 dignum
507 1397 607 1476 ducit,
643 1396 779 1477 aliquem
805 1398 911 1481 am)
938 1419 974 1460 se
1000 1397 1196 1461 visitandum
1218 1403 1250 1461 ot

181 1501 368 1564 benedicere
395 1506 428 1562 et
453 1506 584 1583 tangere
612 1499 796 1579 chrismate,
823 1500 892 1562 sinc
915 1501 1116 1562 cunctatione
1135 1505 1247 1580 potest,

182 1605 270 1665 cuius
288 1609 338 1664 ost
354 1603 458 1681 ipsum
476 1601 612 1664 chrisma
629 1599 796 1665 conficere.
823 1598 855 1664 N
857 1621 908 1663 arn
919 1601 1156 1680 poenitentibus
1170 1598 1249 1665 istud

182 1702 272 1766 fundi
290 1724 353 1765 non
371 1708 489 1782 potest,
516 1704 590 1783 quia
606 1725 706 1787 genus
729 1711 778 1766 est
794 1705 999 1779 sacramenti3
1035 1723 1121 1782 narn,
1141 1702 1248 1783 quibu·

183 1803 305 1884 reliqua
322 1811 521 1868 sacramenta
538 1813 705 1892 negantur,
724 1804 882 1886 quomodo
900 1825 995 1869 unum
1012 1825 1112 1890 genus
1125 1810 1248 1887 putatur

185 1927 279 1988 possa
298 1904 446 1970 concedit

127 2100 196 2151 118'
485 2076 523 2141 C·
544 2076 668 2142 CXIX.
709 2077 764 2144 De
782 2080 891 2144 eadem
906 2103 954 2146 re.

398 2210 456 2277 Ex
483 2213 596 2279 dictis
613 2211 739 2279 Bodae
765 2216 1039 2299 presbyteria).

270 2330 462 2412 Infirmotur
479 2340 548 2419 pori
565 2341 599 2397 in
615 2333 711 2414 voboi,
729 2336 864 2401 inducat
878 2334 1076 2419 presbytero·
1090 2338 1249 2413 ecclessiae,

187 2445 224 2501 et
240 2445 332 2500 orent
347 2457 441 2518 saper
459 2456 539 2516 eum,
558 2448 735 2521 tinguentes
753 2459 823 2503 eum
839 2440 907 2502 oleo
923 2444 959 2501 in
974 2445 1101 2519 nomiae,
1113 2438 1248 2515 Domini,

188 2548 224 2602 et
244 2537 446 2617 oratiofideo'
460 2535 600 2603 calcabit
619 2539 787 2619 infirmum.
823 2539 896 2604 Hoc
913 2546 947 2605 et
954 2538 1100 2619 Apostoli
1110 2542 1147 2603 in
1161 2562 1250 2605 ovan-

188 2639 273 2724 gelio
290 2640 406 2703 fecisse
424 2638 583 2723 leguntur,
612 2648 645 2703 ct
666 2663 749 2704 nnnc
771 2641 925 2706 ecclcsiae
943 2640 1139 2705 cousuetudo
1157 2648 1249 2718 tenet,
1289 2716 1291 2721 Ι

188 2748 224 2803 ut
240 2738 359 2802 infirmi
378 2739 449 2802 olco
468 2750 652 2804 consecrato
670 2751 849 2827 unguantur
866 2767 885 2807 a
903 2743 1114 2826 presbyteris,
1134 2751 1168 2807 et
1186 2764 1251 2807 ora·

189 2842 278 2904 tiona
300 2842 470 2904 comitante
493 2851 653 2907 sanentur.
688 2843 764 2907 Non
781 2844 885 2909 solum
903 2846 1115 2928 presbyteris,
1133 2846 1202 2923 aad,
1218 2852 1250 2909 ut

189 2942 392 3007 Innocentius
419 2942 506 3023 Papa
531 2945 655 3024 scribit,
683 2949 779 3010 etiarn
810 2947 955 3011 omnibus
982 2946 1172 3011 Christianis
1185 2946 1251 3029 ³³¹)

188 3047 236 3108 uti
250 3044 326 3112 licat
338 3046 452 3107 eodem
463 3045 534 3109 olco
548 3049 582 3109 iu
595 3070 652 3110 sua
666 3056 720 3111 aut
733 3070 862 3112 suorum
874 3053 1064 3113 necessitato
1072 3048 1251 3134 unguendo,

192 3146 275 3226 quod
292 3154 400 3210 tamen
419 3144 523 3209 oleum
542 3151 666 3211 nonnisi
684 3150 724 3213 ab
743 3152 896 3230 episcopis
914 3150 986 3214 lioct
1004 3148 1130 3215 confici.
1165 3148 1252 3223 Nan,

189 3249 273 3328 quod
291 3249 351 3311 ait:
370 3250 437 3312 oleo
454 3255 488 3311 c’a
505 3258 627 3313 aomina
644 3249 787 3329 Barcini,
810 3251 980 3335 significat:
999 3256 1066 3316 oleo
1087 3259 1254 3317 intromitte

190 3348 322 3416 Domini
336 3362 528 3430 consecrato,
546 3352 598 3415 vol
616 3361 713 3432 certe,
731 3358 805 3433 quia
823 3357 929 3434 etiam,
949 3376 1019 3417 cum
1035 3356 1253 3437 unguant³³²)

259 3509 287 3557 G.
305 3509 396 3557 CXIX.
431 3509 459 3569 q)
472 3510 556 3557 Beira
574 3510 711 3569 Expositio
728 3510 757 3557 in
774 3510 849 3572 epist.
867 3512 896 3558 B.
912 3510 1011 3572 iacobi,
1030 3524 1054 3560 c.
1072 3512 1097 3561 6.
1115 3524 1141 3561 v.
1160 3513 1201 3561 st
1217 3512 1254 3559 ii.

192 3577 234 3624 16.
245 3600 282 3613 —
299 3576 363 3625 con.
373 3577 431 3624 Vnt.
441 3591 463 3625 c.
472 3579 504 3623 33
507 3580 531 3627 8.
542 3573 633 3641 (fons).

193 3678 268 3745 327)
291 3675 333 3733 sic
356 3675 441 3733 Trcr.
459 3676 525 3734 Vat.
546 3677 608 3736 Hal.
628 3677 702 3736 coll.
747 3698 902 3759 omnesque
918 3677 1020 3751 codd,
1038 3679 1068 3739 iu
1086 3678 1206 3741 Holmst.
1224 3678 1254 3737 Ιί-

194 3756 287 3832 Hisp.;
310 3761 396 3835 qaia.-
421 3770 489 3817 cett.
506 3760 597 3819 Codri.
616 3761 702 3821 Dion.
747 3775 810 3822 tara
829 3767 849 3822 d
866 3784 958 3824 crasa.

194 3838 285 3899 Dacb.
322 3844 703 3914 328)soiusHiid.ctsc-
791 3882 812 3941 C
867 3882 960 3941 cm

194 3922 499 4005 cundnmipsuruBai.:
514 3931 701 4009 presbytero.
817 3926 823 3940 ⁸
890 3924 901 3940 ¹
966 3925 973 3940 ⁸

194 4012 268 4085 329)
286 4020 414 4070 ceterum
437 4015 618 4074 ——dubium
641 4026 703 4076 est.-

195 4092 298 4153 donna
327 4116 373 4175 ap.
401 4095 509 4175 Halitg.
554 4105 632 4170 330)
661 4102 703 4160 sic

195 4177 402 4347 ssssgfdssffflssm
423 4192 504 4342 {3²3
530 4196 704 4331 ῗάζᾟζζ·
746 4232 860 4299 guum
893 4218 971 4281 urio.
997 4218 1060 4281 nr.

1044 3886 1126 3957 331)
1165 3900 1257 3943 anaor

750 3968 953 4027 Christianos:
972 3966 1144 4031 Vnt-1347.
1161 3966 1255 4041 Trea-3

748 4055 830 4111 omni
838 4054 1023 4112 Christiano:
1041 4048 1150 4125 Gom,
1171 4052 1291 4138 curri,

752 4137 953 4197 Chrestianus:
976 4136 1098 4217 Gucipb.
1118 4142 1195 4215 332)
1209 4154 1257 4199 rru-
