2594 4898
185 347 261 409 9118
438 341 604 404 111161Νο
622 338 755 403 LIBER
776 339 1021 403 SECUNDUS.
1059 428 1068 439 ,

190 515 247 579 bus
267 521 359 593 atque
375 510 601 595 leguminibus,
620 516 653 574 ot
669 533 689 573 n
707 511 839 594 coniuge
853 510 924 593 ¹.²²)
941 530 978 573 se
995 508 1170 574 abstineat.
1200 511 1253 574 Po·
1293 552 1295 557 -

190 624 260 681 sien
277 623 342 678 ires
360 635 459 677 annos
474 615 634 693 poenitent
647 612 717 695 128)
736 634 791 692 per
808 610 965 696 legitimas
982 611 1081 675 ferias
1100 620 1135 676 et
1152 617 1252 677 tresin

190 740 273 783 anno
296 703 550 799 quadragesimas
574 714 724 777 observet
737 714 823 794 ¹²⁹).
868 710 963 788 Quod
988 716 1017 777 si
1043 722 1120 779 ante
1144 717 1252 797 baptis-

189 826 274 884 inum
295 818 400 882 iniens
423 838 588 897 oppressus
610 816 706 879 inerit
719 817 808 898 ¹³⁰),
835 818 999 895 proximos
1021 815 1088 880 XL
1117 818 1202 899 dier,
1225 825 1253 882 nt

189 943 299 1003 supra,
317 920 488 1001 poenitent.
532 917 650 982 Postea
667 940 744 982 vero
763 919 1005 998 quinquennium
1023 918 1170 1000 expleat.

190 1158 227 1224 C.
250 1157 342 1224 LXI.
391 1156 430 1223 sa·
445 1179 505 1244 per
519 1161 764 1245 'negligentium¹
776 1165 889 1222 maerin
910 1157 1022 1238 insane
1043 1151 1252 1224 nemitorem

508 1301 514 1309 -
628 1259 820 1345 baptizabor.

225 1417 282 1481 Ex
308 1414 476 1497 epistola
501 1413 647 1479 Rabnni
674 1415 719 1477 ad
744 1412 1020 1499 Reginbeldum
1038 1414 1222 1496 ,chorepi-

625 1538 775 1596 scopum
789 1519 826 1599 Ι).

158 1650 162 1656 “
274 1653 326 1717 De
343 1653 516 1716 infantibus
534 1660 652 1731 nutem,
671 1655 723 1734 qui
739 1655 856 1716 mortui
872 1655 1075 1716 inveniuntur
1088 1675 1163 1717 eum
1175 1660 1254 1735 patre

191 1766 224 1821 et
240 1764 358 1836 maire,
378 1763 410 1819 et
428 1777 491 1818 non
510 1762 654 1835 apparet,
672 1767 779 1819 utrum
797 1777 816 1817 a
832 1763 922 1835 padre
941 1762 996 1819 aut
1012 1762 1118 1819 matre
1140 1760 1253 1821 occisus

190 1860 233 1922 sit
254 1859 321 1938 ipse
343 1858 448 1920 infans
465 1855 517 1920 vel
534 1857 706 1921 suffocatus
721 1860 806 1947 1³¹),
826 1880 866 1920 an
879 1854 1007 1938 propria
1024 1866 1132 1922 morte
1151 1860 1255 1923 defun·

191 1967 271 2039 otus,
290 1980 354 2023 nou
373 1959 490 2023 debent
506 1960 580 2024 inde
599 1963 703 2025 securi
721 1982 804 2039 esse,
823 1981 881 2023 nec
898 1963 967 2024 sine
983 1963 1187 2041 poenitentia
1201 1963 1255 2043 ipsi
1293 2020 1295 2025 .

189 2058 352 2145 paienieS,
375 2063 431 2124 sed
450 2065 607 2126 tamenin
625 2065 664 2126 iis'
681 2052 896 2127 consideratio
918 2061 1013 2125 debet
1030 2083 1104 2128 esse
1123 2065 1254 2144 pietatis,

190 2164 244 2228 ubi
263 2185 325 2227 non
343 2162 507 2242 voluntas,
526 2166 583 2228 sed
601 2173 734 2228 eventus
752 2164 863 2227 mortis
882 2185 977 2226 eausa
993 2163 1064 2228 fuit.
1097 2164 1138 2229 Si
1156 2175 1255 2231 nutem

190 2289 245 2330 eos
269 2288 333 2342 nou
354 2256 450 2347 labet,
472 2270 559 2348 ipsos
581 2269 649 2333 eius
671 2289 742 2331 esso
764 2267 1001 2345 interfectores,
1023 2268 1107 2330 seire
1132 2269 1255 2347 debent,

190 2371 330 2454 graviter
351 2391 386 2432 se
409 2368 593 2450 deliquisse,
616 2370 701 2459 quod
717 2371 751 2431 in
767 2367 938 2451 Ancyrano
957 2368 1092 2433 concilio
1119 2392 1255 2452 compro-

189 2471 284 2535 betur
297 2473 378 2556 132).
425 2467 561 2545 Quidam
584 2480 689 2535 autern
702 2466 773 2556 1⁴³³)
796 2471 891 2534 trium
913 2493 1068 2536 annornm
1093 2476 1267 2553 poeniten·

189 2575 267 2636 tiam
284 2571 464 2635 huiusmodi
481 2573 618 2638 hominis
632 2574 703 2654 ¹³4)
725 2573 865 2637 iudicant
882 2594 953 2636 esse
971 2573 1103 2654 debere,
1130 2596 1255 2656 quorum

189 2697 285 2739 unum
303 2696 348 2738 ex
364 2672 412 2737 his
432 2677 543 2759 exigat
558 2679 591 2738 in
610 2698 691 2755 pane
710 2683 742 2739 et
759 2697 857 2756 equa,
881 2683 975 2757 atque
993 2697 1028 2740 se
1047 2675 1088 2739 ab
1109 2681 1199 2742 omni
1214 2678 1255 2740 iu·

189 2780 285 2840 xurin
302 2784 444 2855 ternpore
461 2778 676 2856 poenitentiae
694 2799 771 2841 suae
789 2779 956 2842 custodiat.
1068 2784 1073 2791 ’

275 2912 406 2975 Patiens
423 2913 553 2992 femina,
572 2915 658 2976 euius
675 2912 760 2977 filius
774 2937 831 2994 per
843 2915 1069 2998 negligentiam
1082 2916 1257 2998 noubnpti·

190 3020 279 3078 zetus
301 3013 432 3092 obierit,
456 3036 571 3078 annum
589 3037 686 3078 unum
703 3019 880 3096 poenitent,
905 3024 938 3079 et
954 3038 1115 3096 nunqnam
1133 3022 1176 3084 sit
1193 3023 1257 3083 sine

190 3114 295 3196 eliqua
321 3118 526 3196 poenitentia.
572 3116 607 3180 Si
633 3126 738 3182 autem
759 3141 815 3199 per
837 3117 1062 3202 negligentiam
1084 3121 1257 3185 sacerdotio

190 3226 224 3282 et
240 3226 315 3282 ceo:
342 3221 493 3299 require
514 3221 553 3282 in
574 3222 693 3300 priori
709 3219 863 3301 libello,
888 3243 964 3300 cap.
984 3217 1172 3287 CXXXI:
1203 3220 1257 3288 En

190 3319 438 3399 Poenilenle‘ab‘,
462 3343 531 3405 cap.
554 3320 671 3385 XVII.
995 3341 1001 3348 ·

259 3649 286 3694 G.
304 3648 370 3696 LXI.
406 3646 431 3714 ι)
450 3652 477 3696 C.
487 3653 511 3699 2.
524 3651 635 3711 (Manui,
654 3653 803 3701 Tom.XV1.
819 3653 868 3702 ool.
883 3649 960 3715 864.).
973 3679 1008 3689 -
1021 3651 1116 3701 Burelr.
1126 3654 1210 3703 xvu.
1222 3659 1257 3705 59.

191 3715 259 3776 (Β)
275 3715 321 3763 Ex
332 3717 571 3768 Cone.1’are‘e.·e.5.

233 3868 266 3926 C.
285 3868 347 3928 Lx.
372 3874 445 3941 127)
475 3874 631 3948 coniugio:
659 3871 699 3931 ib.
746 3893 902 3952 oppressus
918 3876 960 3932 sit
976 3876 1037 3951 ipse
1060 3871 1178 3950 insons,
1201 3879 1258 3937 sine

192 3957 264 4025 128)
282 3956 511 4030 inpoenitentia
526 3960 644 4033 erigent:
661 3957 699 4016 ib.
744 3956 925 4038 soffoeatw:
962 3960 1037 4036 orig.
1093 3964 1169 4034 132)
1208 3963 1259 4020 boe
1292 3962 1295 3969 '

192 4040 264 4110 129)
294 4040 324 4095 in
352 4055 449 4109 anno,
473 4039 625 4100 observet:
650 4040 701 4100 nb·
744 4045 829 4102 modo
853 4038 1023 4122 probatur:
1042 4045 1151 4122 orig„
1174 4057 1258 4126 atquo

190 4131 256 4178 sunt
274 4119 343 4180 ibid.
370 4127 442 4197 130)
462 4130 645 4202 oppresserit
656 4130 701 4186 in-
744 4130 800 4187 inm
818 4129 859 4188 ibi
877 4140 1036 4208 sequuntur
1048 4129 1142 4189 verbe
1158 4132 1259 4211 capitis

179 4203 319 4282 sontem:
337 4206 407 4265 ibid.
745 4219 795 4278 20.
806 4213 995 4294 Aneyrensis.
1014 4216 1089 4284 133)
1107 4216 1172 4275 Sed
1190 4219 1259 4278 abb:

232 4289 360 4353 e.Lx1.
390 4299 701 4371 muneremunere
744 4299 782 4360 ib.
821 4305 895 4374 134)
915 4301 1036 4360 borum.-
1055 4298 1166 4361 Bnreb.
