2594 4898
201 370 272 443 m
447 366 612 435 lillGlNli
629 364 762 427 Ltnntt
779 362 1025 427 SECUNDUS.

202 536 379 603 diutissime
399 536 554 615 separati,
579 534 810 615 professionem
834 554 925 599 snam
950 533 1127 597 videantur
1151 532 1267 599 dodino

202 640 310 716 inviti,
328 658 409 717 qnae
426 644 534 701 temen
551 639 614 701 etri
630 636 707 701 data
722 635 830 713 luerit,
846 636 953 699 modis
969 632 1124 699 omnibns
1136 640 1206 699 'non
1216 656 1268 699 rs·

175 804 179 811 ,
201 738 298 818 labit,
324 740 382 803 red
407 739 502 801 iuxta
521 740 716 818 superiorem
736 737 883 801 ordinem
901 734 982 801 illud
1004 758 1064 817 pro
1086 758 1167 801 vero
1193 736 1268 809 scri·

202 843 321 922 pietur,
344 838 427 921 qnod
444 860 490 903 ex
506 860 562 903 ore
579 841 648 903 eins
665 840 808 922 agnitum
821 840 895 921 ¹⁸¹)
912 837 1059 923 genernli
1081 838 1182 903 luerit
1196 836 1268 901 ind·

202 946 253 1007 cio
271 940 517 1023 comprobatmn.
561 938 645 1005 Nam
667 949 701 1005 et
718 939 758 1005 de
776 946 954 1007 ceterorum
970 942 1191 1023 ingenuorum
1205 960 1268 1021 per·

202 1045 305 1121 sonis,
332 1045 386 1123 qui
409 1040 558 1122 palatinis
585 1039 698 1105 officiis
720 1044 783 1105 uon
805 1039 975 1105 haesemnt
988 1044 1082 1121 ¹⁸²),
1110 1048 1145 1105 et
1169 1049 1268 1105 tan

202 1147 359 1229 ingenuae
377 1144 540 1229 dignitatis
558 1142 683 1208 titolum
699 1150 862 1224 reportare
879 1142 1043 1221 videntur,
1062 1140 1179 1207 similis
1195 1144 1266 1207 ordo

202 1246 396 1325 servabitur,
427 1246 480 1325 qui
505 1246 630 1309 etiamsi
655 1267 713 1325 pro
739 1243 840 1325 culpis
873 1246 1028 1322 minimis,
1067 1252 1106 1309 nt
1140 1243 1266 1323 adcola,

201 1346 401 1432 flagellorum
422 1346 536 1411 ictibus
558 1368 579 1411 a
598 1347 739 1427 principe
761 1344 980 1424 verberentur,
1007 1366 1077 1409 non
1103 1352 1213 1411 tamen
1234 1364 1265 1409 ex

201 1448 266 1513 ltoc
286 1457 343 1513 ant
363 1449 580 1513 testimonium
601 1450 746 1513 entissmi
766 1456 856 1526 sunt,
877 1456 932 1511 aut
951 1444 1051 1511 rebus
1074 1447 1140 1512 sibi
1162 1446 1263 1513 tenio·

200 1550 419 1631 privabuntur.
465 1547 589 1624 Quodsi
605 1553 647 1616 de
669 1547 866 1614 infidelitatis
883 1550 1013 1613 crimine
1037 1549 1211 1629 quidque·
1226 1548 1262 1613 ni
1281 1582 1287 1593 ·

202 1651 367 1731 obiicitur,
389 1650 506 1731 simili„
523 1660 560 1715 ut
580 1654 725 1731 superius
747 1653 1037 1732 praemissnm'est,
1061 1650 1180 1716 ordine
1194 1651 1261 1715 indi·

203 1752 296 1815 candi
318 1760 403 1817 sunt.
450 1749 547 1826 Quod
569 1752 724 1836 synodale
746 1752 905 1817 decretum
927 1751 1052 1827 divino,
1079 1760 1120 1817 ut
1145 1750 1261 1817 confid-
1293 1807 1295 1812 ,

201 1872 287 1930 mus,
322 1855 434 1933 spiritu
466 1853 713 1938 promulgatum,
748 1856 777 1917 ri
811 1856 878 1934 quis
903 1875 1014 1937 regum
1040 1854 1196 1935 deinceps
1218 1858 1261 1918 sd
1289 1868 1292 1875 '

201 1961 397 2031 temeranter
421 1957 581 2019 custodire
607 1955 802 2040 neglexerit,
833 1965 888 2019 aut
911 1953 1075 2020 malitiose
1101 1956 1260 2037 praeterln

201 2054 429 2140 praeelegerit,
457 2077 518 2137 quo
540 2059 670 2138 quisque
692 2058 732 2121 de
753 2059 897 2137 personis
917 2058 1040 2121 taxatis
1063 2056 1164 2123 aliter
1183 2076 1260 2139 qu
1287 2068 1296 2119 “,

201 2160 410 2238 praemissum
432 2167 500 2238 est,
527 2160 786 2239 praedamnetur,
811 2167 867 2222 aut
887 2178 933 2225 ex
947 2157 1093 2223 lectione
1110 2158 1282 2227 coniech'

89 2248 93 2254 ’
201 2262 236 2323 in
262 2262 418 2345 eurum)
444 2257 584 2325 malitiae
609 2262 798 2340 perimetur,
829 2259 882 2323 vel
907 2260 1052 2323 deiectus
1078 2263 1133 2325 sni
1159 2254 1260 2327 or&¹

201 2360 275 2425 loco
292 2363 450 2442 privetur,
467 2364 510 2425 sit
522 2366 593 2438 ¹³⁴)
612 2383 682 2425 cnm
700 2362 859 2441 omnibus,
877 2363 930 2442 qui
947 2363 978 2425 ei
995 2382 1040 2425 ex
1059 2362 1259 2429 delectatior·

202 2466 438 2542 consenserint,
461 2464 494 2527 in
516 2471 687 2543 conspectu
708 2462 853 2529 altissimi
870 2463 933 2528 llei
949 2464 1051 2543 patris
1070 2473 1105 2528 et
1120 2460 1261 2549 unigd
1284 2419 1297 2530 l

201 2562 277 2627 Filii
299 2565 367 2627 eius
388 2572 483 2644 atque
505 2564 641 2645 Spiritus
662 2567 765 2627 sancti
789 2567 923 2646 perenni
947 2562 1162 2631 anathemate
1181 2564 1261 2643 ult!
1284 2531 1297 2624 l

203 2676 237 2730 et
254 2665 369 2729 divinis
385 2665 440 2730 vel
458 2668 595 2730 aeternis
613 2667 779 2730 addicetur
790 2668 863 2748 ¹³⁵)
881 2664 1049 2731 ardoribus
1068 2686 1260 2735 concrema

202 2767 270 2831 dus.
313 2766 357 2830 Et
377 2769 505 2847 insuper
527 2767 675 2848 quidquid
697 2778 817 2831 contra.
829 2767 912 2833 hanc
932 2764 1078 2853 regulam
1095 2770 1259 2839 sententis

201 2874 331 2931 nostrae
356 2870 470 2932 autin
496 2891 632 2948 persona
656 2872 839 2950 cuiusquam
868 2870 967 2933 fuerit
990 2878 1118 2949 actum,
1151 2868 1258 2937 ant&

200 2967 297 3031 rebus
314 2979 480 3033 accusatae
497 2992 653 3050 personae
670 2974 831 3036 exstiterit
847 2972 1034 3063 indicatum,
1053 2971 1150 3037 nullo
1168 2974 1259 3059 vigeo
1276 2942 1285 3055 l

201 3067 371 3149 subsistat,
394 3091 455 3150 qno
476 3094 612 3151 persona
629 3075 698 3152 ipen
715 3072 823 3151 aliter,
846 3094 942 3153 quam
957 3074 1180 3155 decernimus,
1195 3072 1265 3139 udi·-
1290 3122 1292 3124 ψ

202 3178 274 3235 ceta
295 3180 352 3235 nut
371 3175 545 3237 testimonii
566 3177 616 3238 sni
633 3175 817 3259 dignitatem
834 3177 976 3255 amittat,
998 3182 1058 3239 aut
1073 3184 1212 3256 quaestu
1223 3170 1260 3239 rti

199 3274 347 3353 propriae
363 3285 481 3338 careat.
523 3274 593 3341 Nec
609 3284 716 3340 tamen
732 3299 789 3358 per
807 3275 886 3341 haec
904 3284 937 3341 et
951 3274 1139 3341 huiuamodi
1156 3284 1260 3343 :tum

199 3375 392 3456 principibus
405 3380 479 3458 ¹³⁶)
501 3378 693 3441 domesticae
711 3380 922 3459 correptionis
934 3378 1007 3463 ¹⁸²)
1033 3387 1184 3459 potestas
1204 3378 1258 3443 etli-
1278 3358 1296 3507 g

199 3478 306 3541 mitur.
348 3475 432 3541 Nam
456 3478 635 3559 specialiter
657 3480 696 3543 dc
718 3478 808 3543 laicis
829 3478 910 3560 illis,
933 3500 1011 3559 qnos
1029 3500 1097 3545 non
1117 3478 1210 3561 culpa
1222 3482 1259 3543 ir·

199 3574 363 3641 fidelitatis
387 3579 570 3664 adstringit,
597 3580 655 3644 sed
681 3592 736 3643 aut
757 3582 879 3645 servitii
899 3583 949 3644 sui
965 3578 1075 3645 officio
1093 3588 1258 3665 torpentes,
1278 3540 1287 3661 l

201 3682 313 3743 autin
340 3683 515 3745 commissis
543 3683 604 3747 sibi
628 3683 752 3747 actibus
778 3684 978 3765 reperiuntur
1004 3704 1079 3748 esse
1106 3684 1258 3749 merim

242 3950 275 4007 C.
291 3948 379 4012 LVll.
400 3958 710 4032 tdllgem'tumsilrid.
754 3957 831 4017 llild.
850 3956 912 4017 Bal.
945 3961 1019 4029 135)
1040 3959 1084 4019 sic
1106 3958 1199 4039 fltsp,
1215 3954 1258 4019 cl·
1281 3998 1288 4085 Ι

200 4044 710 4135 132)ponsemmgflppgssapppsefi,
754 4042 1177 4103 dicotur.·llclmst.llild.llnl.
1197 4044 1257 4107 Ἀθ)
1292 4052 1296 4057 ’

199 4135 426 4215 cop‚fl01msp,)
473 4145 544 4211 133)
570 4153 623 4201 ,me
644 4154 710 4203 astu
751 4130 817 4188 Nee
845 4131 921 4187 carm
946 4128 1023 4186 doec
1045 4132 1181 4226 et‘tulr'o
1197 4144 1258 4209 pre·
1280 4148 1295 4253 Ι·

199 4223 349 4282 coniectae
374 4226 444 4284 caol.
476 4230 537 4294 (cc
552 4225 649 4304 suot,
678 4230 709 4287 ric
752 4223 877 4285 imme
907 4214 1024 4272 prm*
1055 4212 1141 4293 ¹¹¹⁸l'=
1196 4214 1257 4277 ”ll

198 4324 279 4367 eum.-
307 4305 396 4385 des.):
426 4308 507 4389 liisp.
562 4318 634 4384 134)
663 4323 709 4375 et:
752 4299 966 4368 “mimmii
983 4294 1055 4356 illd·
1278 4294 1290 4417 l

1282 4612 1289 4703 l
