2594 4898
197 369 269 433 434
443 366 609 428 REGINO
628 366 760 428 LIBER
779 366 1026 429 SECUNDUS.

197 541 361 616 vitiorum,
385 537 587 616 quamobrem
610 539 748 617 quisquis
765 539 905 600 virorum
922 535 976 601 vel
992 535 1165 603 mulierum
1181 539 1259 603 babi-

195 649 261 703 trun
284 640 445 703 induerint
466 639 578 716 semel,
604 639 658 701 vel
680 640 849 703 induerunt
872 645 1051 720 spontanee
1073 640 1259 727 religiosum,

196 752 252 805 aut
278 744 304 804 si
331 744 380 804 vir
406 742 531 805 deditus
558 739 713 804 ecclcsiae
735 741 832 805 choro
855 741 909 804 vcl
930 742 1051 805 femina
1076 742 1190 822 fuerit,
1214 736 1273 807 ant

195 845 256 906 suit
278 843 424 927 delegata
443 843 620 923 puellarum
640 846 848 921 monastario,
869 846 903 906 in
925 852 1061 924 utroque
1078 866 1166 909 sexu
1182 867 1259 926 prac-

196 949 355 1027 varicator
373 946 413 1008 ad
429 948 626 1026 propositum
647 947 764 1010 invitus
781 947 901 1009 reverti
918 954 1068 1029 cogatur,
1092 955 1133 1011 ut
1149 950 1200 1011 vir
1214 948 1259 1011 de·

196 1049 380 1126 tondeatur,
408 1054 441 1111 et
466 1047 573 1128 puella
599 1049 825 1112 monasterium
850 1049 1072 1132 ingrediatur..
1103 1048 1148 1117 si,
1165 1058 1260 1115 auton

197 1148 337 1230 quolibet
356 1152 533 1229 patrocinio
556 1151 735 1215 desertores
757 1171 942 1230 permanere
964 1148 1145 1232 voluerInt,
1167 1174 1260 1217 sacer·

196 1252 296 1317 dotali
312 1254 471 1317 sententia
489 1275 509 1316 a
527 1250 778 1316 Christianorum
795 1259 890 1318 coetu
907 1251 1090 1319 habeantur
1108 1263 1259 1332 extorres,

194 1364 231 1419 ut
242 1364 305 1419 'uec
322 1353 411 1418 locus
427 1352 512 1419 ullus
530 1357 613 1439 cis‘)
631 1357 674 1419 sit
691 1356 874 1419 communis.
914 1351 1038 1418 Viduas
1056 1377 1185 1436 quoque
1199 1358 1261 1420 uni·

93 1469 96 1472 ’
195 1456 328 1521 vassalis
345 1456 525 1521 iamdudum
542 1458 652 1521 statuit
668 1457 808 1540 synodus
825 1456 1058 1536 professionum
1072 1457 1130 1522 vel
1142 1457 1260 1523 babitus

195 1562 245 1622 sui
262 1561 465 1639 desertrices,
483 1567 519 1624 ut
535 1561 690 1640 superiori
706 1560 867 1624 sententia
884 1556 1147 1626 condemnentur.

77 1760 108 1805 n.
117 1759 136 1805 1.
145 1760 187 1807 er.
197 1743 234 1809 C.
257 1744 354 1810 xlx.
414 1745 460 1811 Ut
478 1747 595 1812 uiduae
615 1749 670 1811 cel
687 1754 828 1832 ce'rge'eeee
850 1753 1080 1812 contractatione
1097 1747 1260 1832 profecere

626 1870 688 1915 aon
704 1849 835 1914 nubant.
1055 1870 1059 1875 ·

237 1983 334 2049 Item
369 1985 535 2048 ciusdem
569 1985 695 2067 Papae
731 1984 878 2050 Gelasii
913 1985 957 2050 ad
991 1983 1224 2053 Sicilienses

595 2089 859 2173 Episcopos¹).

280 2203 392 2288 Neque
415 2207 526 2271 viduas
548 2208 588 2271 ad
612 2178 893 2288 nuptiastransira
913 2209 1067 2288 patimur,
1092 2230 1175 2290 quae
1194 2206 1257 2275 reti·
1290 2246 1293 2319 p

193 2310 286 2391 gioso
304 2310 465 2391 proposito
485 2311 634 2373 diuturna
651 2302 874 2375 observatione
892 2314 1139 2390 permanserint.
1174 2312 1257 2375 Simi-

194 2409 269 2475 liter
294 2413 432 2495 virgInes
458 2411 577 2475 nubere
603 2411 821 2492 prothemus,
849 2435 927 2493 quas
953 2415 1046 2477 annis
1067 2412 1256 2495 plurimIsie

194 2515 395 2578 monasteriis
408 2520 551 2578 'aetatem
566 2517 729 2599 peregisse
746 2517 914 2600 contigerit
925 2516 987 2600 Η).

76 2722 133 2766 nr.
144 2694 186 2768 esss
197 2698 233 2762 C.
252 2699 333 2763 XX.
357 2699 410 2765 De
427 2700 490 2780 la's,
509 2708 566 2786 quc·
580 2703 704 2766 celatas
722 2701 795 2766 Deo
812 2711 1014 2768 consecratae
1032 2710 1067 2767 in
1088 2710 1254 2790 coniugata

648 2805 812 2870 duxerant.

580 2938 666 3021 Cap.
690 2940 837 3005 XXIII.
852 2944 873 3019 tJ
1280 2936 1287 3033 Ι

232 3148 236 3153 ¹
280 3055 316 3118 Si
338 3057 406 3137 quis
428 3078 519 3129 sacro
540 3058 698 3123 velamine
721 3069 938 3124 consecratam
955 3062 987 3123 in
1007 3064 1193 3148 coniugium
1208 3063 1254 3127 du·

194 3160 296 3237 sterit,
333 3165 367 3222 et
395 3170 468 3241 post
494 3161 633 3224 dicatum
663 3159 735 3225 Deo
762 3165 956 3244 propositum
980 3165 1109 3230 Incesta
1135 3165 1254 3229 loedere

194 3260 412 3346 sacrilegaque
429 3265 607 3342 miscuerit,
626 3265 711 3327 utin
730 3267 908 3329 constitutis
927 3262 1051 3329 Gelasii
1068 3266 1179 3349 Papae
1196 3288 1253 3346 cep.

193 3362 276 3427 XX.
286 3363 327 3450 †)
345 3363 475 3448 legitur,
493 3367 636 3446 protinus
654 3388 788 3446 aequum
806 3376 869 3445 est,
893 3390 912 3430 a
930 3389 1024 3431 sacra
1041 3372 1253 3434 communione
1277 3344 1286 3499 l

193 3465 332 3544 detrudi,
365 3474 396 3530 et
422 3468 483 3530 nisi
510 3489 568 3546 per
593 3466 751 3547 publicam
776 3470 1002 3550 probatamque
1032 3473 1252 3550 poeniteutiam
1277 3506 1285 3653 Ι

261 3744 288 3788 C.
306 3741 380 3789 XIX.
415 3743 440 3804 e)
459 3746 537 3791 Immo
546 3745 691 3804 symmach.
701 3744 783 3805 EpIet.
798 3746 830 3792 nd
839 3745 1001 3807 Caesarium,
1016 3761 1070 3797 ecr.
1083 3760 1145 3797 enn.
1155 3749 1223 3807 5⁰2,
1234 3759 1250 3791 c.

193 3810 217 3856 5.
225 3834 260 3844 —
269 3810 361 3858 Burch.
371 3813 436 3860 VIII.
446 3814 487 3858 46.
497 3815 569 3873 (aeg.
579 3815 633 3874 A.),
653 3814 728 3863 Decr.
738 3816 792 3863 VII.
803 3817 843 3864 64.
858 3815 922 3874 (II),
943 3815 1005 3861 Pan.
1016 3816 1060 3864 Ill.
1071 3818 1132 3864 202.
1145 3813 1212 3881 (a),
1230 3816 1248 3858 l'·

191 3876 297 3925 XXVII.
308 3893 331 3935 q.
342 3881 364 3926 1.
375 3893 397 3926 c.
408 3882 431 3928 3.
442 3875 512 3942 (m),
523 3897 602 3930 orara:
615 3883 658 3929 Ex
668 3883 770 3929 decreto
782 3883 888 3930 Galaesi
895 3883 926 3930 P.
935 3882 972 3929 ad
980 3884 1052 3932 Sice'I.
1063 3884 1129 3946 Epp.

261 3946 288 3993 C.
306 3946 366 3994 XX.
401 3948 423 4003 t)
445 3951 522 3998 Cone.
532 3951 767 4012 Trilru1·iens.,lrnb.
778 3966 838 4000 ann.
849 3954 906 3997 895.
916 3950 951 3985 ‘-
961 3952 1053 3999 Burch.
1064 3954 1131 3999 vni.
1142 3956 1182 4001 ³8.
1190 3952 1248 4014 (lies

190 4009 392 4073 appeccvn.
404 4018 705 4079 sr.(n.),o.xxvn.q.
717 4023 739 4068 1.
750 4023 822 4068 arr.
833 4017 1050 4085 (oppansae
1061 4021 1230 4069 emanet.
1281 3986 1286 4073 Ι

318 4129 348 4184 †)
361 4129 378 4172 ἰ.
393 4143 412 4171 e.
427 4132 495 4184 apuu
507 4129 603 4185 Ditenye.

233 4234 266 4293 C.
285 4236 391 4295 XVIII.
419 4235 446 4314 *)
465 4246 500 4295 at
519 4257 573 4296 nec
592 4240 701 4299 locatio
790 4242 824 4300 C.
836 4241 915 4301 XIX.
929 4247 984 4320 47)
996 4244 1182 4305 constiterit:
1198 4239 1246 4301 Bel.
1281 4138 1287 4227 Ι

190 4339 252 4380 cam
268 4323 310 4379 cie
323 4322 404 4381 ullu:
423 4322 499 4400 orig.
1280 4282 1288 4391 l

1282 4614 1287 4653 ι
