2594 4898
478 326 803 407 capnos-xcrv.
1126 334 1174 425 os

101 497 189 576 simi,
215 501 400 577 praeterea,
426 516 497 559 cnm
523 495 563 559 de
585 497 779 587 quorundam
804 495 1005 578 clericorum,
1032 506 1173 581 quumvis

101 598 262 663 lectorum
290 618 368 682 erga
397 620 516 662 uxores
546 601 690 679 proprias
724 601 955 665 incontinentia
988 603 1171 688 referretur,

102 699 236 781 placuit,
256 702 339 781 quod
358 707 390 765 et
409 701 542 764 diversis
559 700 700 764 conciliis
723 699 883 765 firmatum
901 712 965 783 est,
992 715 1026 770 ut
1044 707 1172 772 subdia-

105 805 192 883 coni,
213 805 265 882 qui
282 824 374 866 sacra
390 805 543 885 mysteria
561 811 774 882 contrectant,
798 813 831 867 et
848 806 971 869 diaconi
991 816 1022 871 et
1039 811 1173 893 presby-

104 906 175 983 teri,
190 905 250 968 sed
264 904 379 992 et²⁵⁴)
395 907 533 986 episcopi
542 906 713 968 secundum
721 911 848 987 propria
862 916 981 972 statuta
995 913 1171 997 etiam²⁵⁵)

105 1007 144 1069 ab
161 1007 321 1070 uxoribus
339 1026 375 1071 so
393 1007 586 1087 abstineant,
614 1015 650 1071 ut
666 1016 816 1090 tunquam
833 1031 897 1074 non
914 1010 1066 1077 babentes
1085 1015 1173 1078 vide·

105 1116 199 1172 antur
216 1130 298 1172 esse.
335 1106 428 1183 Quod
447 1112 509 1173 nisi
526 1110 674 1190 fecerint,
693 1110 733 1173 ab
751 1111 966 1177 ecclesiastico
984 1135 1171 1180 removean-

104 1219 155 1275 tur
167 1210 287 1291 officio,
307 1219 429 1277 ceteros
447 1220 553 1279 autem
571 1213 702 1277 clericos
721 1211 761 1277 ad
778 1213 839 1277 boc
853 1236 918 1279 non
928 1217 1011 1301 cogi,
1029 1218 1091 1282 uisi
1105 1240 1171 1283 rua·

103 1316 223 1377 tnriore
241 1320 357 1378 aetate.

403 1500 441 1567 C.
460 1490 588 1569 XClV.
622 1500 677 1569 De
694 1502 802 1569 eudem
823 1523 869 1568 re.
1180 1533 1213 1579 93

240 1655 299 1720 Ex
316 1655 478 1721 decretis
497 1655 629 1751 Siricii
646 1656 786 1738 Papae,
810 1677 884 1737 cap.
903 1654 1041 1745 vlit).

186 1791 345 1857 Plurimos
371 1795 537 1876 animm)
564 1793 746 1857 sacerdotes
774 1792 894 1856 Christi
930 1800 1023 1875 atque
1056 1793 1171 1861 levitas

102 1901 176 1974 post
184 1893 283 1980 longa
291 1898 539 1959 consecrationis
552 1917 629 1959 suae
644 1902 861 1975 temperatam
875 1895 915 1958 do
930 1899 1086 1983 coniugiis
1095 1898 1170 1982 251)

103 1999 253 2077 propriis,
271 2017 364 2077 quam
383 2000 479 2061 etiam
497 1999 535 2062 dc
553 2000 638 2078 turpi
656 2000 742 2061 coitu
760 1996 903 2061 sobolem
920 1996 1084 2063 didicimus
1098 2022 1171 2080 pro·

105 2121 246 2178 creasse,
286 2108 319 2163 et
344 2101 462 2163 crimen
495 2121 586 2164 suum
617 2099 676 2163 hac
705 2102 955 2181 praescriptione
987 2101 1169 2182 defendere,

106 2204 259 2284 quia²⁵⁸)
277 2203 310 2264 in
327 2204 426 2265 veteri
443 2210 635 2266 testamento
654 2202 871 2265 sacerdotibus
890 2225 927 2264 ac
945 2205 1097 2267 ministris
1115 2227 1171 2288 ge·

106 2304 236 2366 nerandi
254 2300 389 2367 facultas
416 2303 531 2388 legitur
548 2303 717 2367 adtributa.
752 2301 849 2366 Dicat
866 2302 944 2366 mihi
963 2326 1058 2383 nunc,
1086 2309 1171 2384 quis·

108 2409 170 2485 quis
188 2404 244 2467 ille
263 2414 311 2469 est
327 2414 466 2469 sectator
488 2405 651 2470 libidinum
677 2412 923 2485 praeceptorque
950 2407 1115 2484 vitiorum,
1143 2409 1171 2469 si

106 2512 263 2589 aestimat,
282 2510 354 2588 quia
370 2510 402 2572 in
420 2507 491 2592 lege
501 2507 625 2590 Moysis
642 2509 759 2588 passim
775 2508 874 2570 sacris
893 2505 1054 2569 ordinibus
1072 2530 1092 2569 a
1104 2505 1172 2570 Do·

106 2612 186 2673 mino
206 2618 317 2673 nostro
334 2610 608 2701 laxatasint259)
635 2609 726 2673 frena
751 2607 910 2688 luxuriae,
938 2630 993 2673 cur
1012 2631 1084 2688 eos,
1103 2611 1171 2691 qui·

105 2710 160 2774 bus
175 2710 452 2775 committebantur
464 2719 575 2776 sancta
592 2720 784 2791 sanctorum,
798 2719 983 2793 praemonet
1000 2710 1170 2799 dicens†):

105 2810 220 2879 Sancti
248 2823 362 2894 estote,
394 2821 470 2901 quia
496 2824 529 2878 et
556 2824 768 2898 egereretur
797 2835 864 2879 eum
894 2813 1047 2878 Dominus
1077 2813 1171 2880 Deus

105 2922 231 2982 certer?
266 2915 330 2979 Cur
353 2919 449 2980 etiam
470 2915 578 2996 procul
596 2919 698 2979 asnis
721 2915 863 2978 domibus
886 2938 970 2979 anno
993 2918 1071 2979 vicis
1093 2938 1170 2980 suae

105 3021 136 3082 in
153 3017 273 3099 templo
289 3018 435 3082 habitare
457 3020 536 3082 inssi
560 3019 714 3102 sunt²⁶⁰)
746 3016 948 3083 sacerdotesl
991 3016 1062 3080 Hac
1084 3018 1170 3080 vide·

104 3119 177 3185 licet
192 3124 329 3202 ratione,
347 3143 387 3185 ne
405 3119 457 3183 vel
476 3142 546 3184 cum
563 3121 718 3183 uxoribus
736 3124 857 3200 possint
871 3117 997 3183 casnedo
1016 3141 1169 3183 exercere

106 3225 343 3302 commercium,
369 3231 419 3301 ut,
451 3224 665 3286 conscientiae
695 3224 880 3304 integritate
910 3220 1083 3305 fulgentes,
1117 3242 1168 3284 ao·

105 3324 258 3407 ceptabile
276 3323 477 3391 Deomunue
493 3326 662 3402 offerrent,
680 3322 807 3403 quibus,
836 3320 964 3401 expleto
984 3322 1171 3384 deservitio·

106 3430 151 3490 nis
165 3449 244 3493 suae
258 3435 416 3508 tempore,
433 3424 629 3511 axoris²⁶1)
647 3445 722 3488 usus
741 3421 840 3486 solius
852 3422 1061 3485 successionis
1073 3441 1171 3483 causa

172 3621 201 3668 C.
218 3616 310 3666 Xclv.
345 3618 368 3680 t)
377 3619 406 3667 c.
416 3620 440 3666 ¹1.
449 3618 514 3668 med.
529 3631 569 3677 ep.
579 3619 597 3666 1.
613 3617 652 3664 ad.
662 3613 805 3662 Himerium
814 3614 920 3662 Terrae.
930 3624 980 3661 scr.
990 3626 1015 3663 a.
1024 3612 1084 3663 885.
1091 3609 1170 3677 (reru.

105 3687 188 3750 llisp.)
203 3715 225 3725 -
240 3688 419 3737 Decr.V1.5⁰.
429 3688 530 3735 etDirt.
540 3686 670 3736 LXXXII.
681 3699 703 3734 c.
714 3685 751 3746 3.,
769 3681 965 3732 exseruntur.

232 3815 517 3873 numanam

145 3960 180 4020 C.
201 3956 321 4024 XClll.;.
349 3960 423 4034 254)
440 3977 493 4016 seu
510 3958 617 4016 etz‘um:
661 3953 981 4034 contagibusrssiouys.
993 3954 1170 4016 steritem.

107 4042 163 4105 Bal.
203 4043 281 4123 255)
300 4040 535 4121 deest-ap.llild.
555 4040 616 4098 Bal.
662 4045 736 4117 258)
760 4058 837 4117 qua:
872 4038 945 4098 Coll.
968 4037 1048 4117 llisp.
1094 4044 1169 4111 259)

145 4128 294 4189 uxelv.
322 4125 617 4201 abutentincou.
660 4134 751 4184 suat:
790 4122 853 4183 Bul.
884 4123 968 4182 Dion.
1002 4124 1076 4182 Coll.
1108 4125 1170 4182 citt.

105 4217 182 4288 citt.;
206 4224 322 4274 nutem:
339 4212 444 4273 Vienn.
481 4209 617 4282 arrisio
662 4211 829 4286 26⁰)s1'nt:
847 4208 909 4267 Bal.
936 4213 1012 4285 261)
1030 4210 1171 4268 uxorius:

105 4318 205 4360 omnes
223 4295 317 4358 Codd.
335 4308 365 4356 et
383 4296 458 4355 Coll.
478 4296 557 4375 llisp.
575 4328 617 4341 -·-
662 4293 746 4353 llion.
768 4290 841 4356 Coll.
860 4294 922 4351 citt.
