<?xml version="1.0" encoding="UTF-8"?>
<!DOCTYPE html PUBLIC "-//W3C//DTD XHTML 1.0 Transitional//EN"
    "http://www.w3.org/TR/xhtml1/DTD/xhtml1-transitional.dtd">
<html xmlns="http://www.w3.org/1999/xhtml" xml:lang="en" lang="en">
 <head>
  <title>
</title>
<meta http-equiv="Content-Type" content="text/html;charset=utf-8" />
  <meta name='ocr-system' content='tesseract 3.04.00' />
  <meta name='ocr-capabilities' content='ocr_page ocr_carea ocr_par ocr_line ocrx_word'/>
</head>
<body>
  <div class='ocr_page' id='page_1' title='image "./reginonisabbati00wassgoog_0454.png"; bbox 0 0 2594 4898; ppageno 0'>
   <div class='ocr_carea' id='block_1_1' title="bbox 506 354 1167 439">
    <p class='ocr_par' dir='ltr' id='par_1_1' title="bbox 506 354 1167 439">
     <span class='ocr_line' id='line_1_1' title="bbox 506 354 1167 439; baseline 0.006 -22"><span class='ocrx_word' id='word_1_1' title='bbox 506 354 805 436; x_wconf 60' lang='lat' dir='ltr'><strong>cmurv-cvr.</strong></span> <span class='ocrx_word' id='word_1_2' title='bbox 1096 358 1167 439; x_wconf 82' lang='lat' dir='ltr'><strong>mr</strong></span> 
     </span>
    </p>
   </div>
   <div class='ocr_carea' id='block_1_2' title="bbox 94 522 1168 1627">
    <p class='ocr_par' dir='ltr' id='par_1_2' title="bbox 94 522 1168 1627">
     <span class='ocr_line' id='line_1_2' title="bbox 94 522 1167 605; baseline -0.002 -12"><span class='ocrx_word' id='word_1_3' title='bbox 94 529 198 593; x_wconf 88' lang='lat' dir='ltr'><strong>ritate</strong></span> <span class='ocrx_word' id='word_1_4' title='bbox 224 525 375 589; x_wconf 81' lang='lat' dir='ltr'><strong>antistitis</strong></span> <span class='ocrx_word' id='word_1_5' title='bbox 400 522 496 587; x_wconf 83' lang='lat' dir='ltr'><strong>debet</strong></span> <span class='ocrx_word' id='word_1_6' title='bbox 521 544 558 587; x_wconf 82' lang='lat' dir='ltr'><strong>se</strong></span> <span class='ocrx_word' id='word_1_7' title='bbox 583 526 714 605; x_wconf 82' lang='lat' dir='ltr'><strong>quisque</strong></span> <span class='ocrx_word' id='word_1_8' title='bbox 734 524 776 589; x_wconf 86' lang='lat' dir='ltr'><strong>ab</strong></span> <span class='ocrx_word' id='word_1_9' title='bbox 799 522 914 587; x_wconf 88' lang='lat' dir='ltr'><strong>altario</strong></span> <span class='ocrx_word' id='word_1_10' title='bbox 939 546 1105 591; x_wconf 75' lang='lat' dir='ltr'><strong>remomre</strong></span> <span class='ocrx_word' id='word_1_11' title='bbox 1125 527 1167 591; x_wconf 88' lang='lat' dir='ltr'><strong>ad</strong></span> 
     </span>
     <span class='ocr_line' id='line_1_3' title="bbox 96 625 1165 715; baseline -0.001 -22"><span class='ocrx_word' id='word_1_12' title='bbox 96 628 259 715; x_wconf 74' lang='lat' dir='ltr'><strong>agendam</strong></span> <span class='ocrx_word' id='word_1_13' title='bbox 283 627 525 707; x_wconf 86' lang='lat' dir='ltr'><strong>poenitentiam,</strong></span> <span class='ocrx_word' id='word_1_14' title='bbox 552 633 585 690; x_wconf 86' lang='lat' dir='ltr'><strong>et</strong></span> <span class='ocrx_word' id='word_1_15' title='bbox 606 625 719 691; x_wconf 89' lang='lat' dir='ltr'><strong>eadem</strong></span> <span class='ocrx_word' id='word_1_16' title='bbox 741 628 929 690; x_wconf 90' lang='lat' dir='ltr'><strong>auctoritate</strong></span> <span class='ocrx_word' id='word_1_17' title='bbox 954 626 1165 693; x_wconf 85' lang='lat' dir='ltr'><strong>reconciliari.</strong></span> 
     </span>
     <span class='ocr_line' id='line_1_4' title="bbox 97 726 1165 813; baseline -0.002 -18"><span class='ocrx_word' id='word_1_18' title='bbox 97 728 172 795; x_wconf 84' lang='lat' dir='ltr'><strong>Hoc</strong></span> <span class='ocrx_word' id='word_1_19' title='bbox 190 736 243 795; x_wconf 83' lang='lat' dir='ltr'><strong>ert</strong></span> <span class='ocrx_word' id='word_1_20' title='bbox 258 730 343 793; x_wconf 89' lang='lat' dir='ltr'><strong>enim</strong></span> <span class='ocrx_word' id='word_1_21' title='bbox 356 728 484 813; x_wconf 75' lang='lat' dir='ltr'><strong>indigne</strong></span> <span class='ocrx_word' id='word_1_22' title='bbox 500 730 642 807; x_wconf 86' lang='lat' dir='ltr'><strong>accipere</strong></span> <span class='ocrx_word' id='word_1_23' title='bbox 658 748 772 807; x_wconf 85' lang='lat' dir='ltr'><strong>corpus</strong></span> <span class='ocrx_word' id='word_1_24' title='bbox 784 738 818 791; x_wconf 88' lang='lat' dir='ltr'><strong>et</strong></span> <span class='ocrx_word' id='word_1_25' title='bbox 829 729 1015 810; x_wconf 72' lang='lat' dir='ltr'><strong>sanguinem</strong></span> <span class='ocrx_word' id='word_1_26' title='bbox 1023 726 1165 809; x_wconf 81' lang='lat' dir='ltr'><strong>Domini,</strong></span> 
     </span>
     <span class='ocr_line' id='line_1_5' title="bbox 97 829 1164 912; baseline 0 -16"><span class='ocrx_word' id='word_1_27' title='bbox 97 834 128 897; x_wconf 86' lang='lat' dir='ltr'><strong>ri</strong></span> <span class='ocrx_word' id='word_1_28' title='bbox 157 852 201 895; x_wconf 89' lang='lat' dir='ltr'><strong>eo</strong></span> <span class='ocrx_word' id='word_1_29' title='bbox 230 837 373 910; x_wconf 91' lang='lat' dir='ltr'><strong>tempore</strong></span> <span class='ocrx_word' id='word_1_30' title='bbox 402 832 552 909; x_wconf 87' lang='lat' dir='ltr'><strong>accipiat,</strong></span> <span class='ocrx_word' id='word_1_31' title='bbox 583 849 644 909; x_wconf 90' lang='lat' dir='ltr'><strong>quo</strong></span> <span class='ocrx_word' id='word_1_32' title='bbox 675 829 773 893; x_wconf 81' lang='lat' dir='ltr'><strong>debet</strong></span> <span class='ocrx_word' id='word_1_33' title='bbox 801 850 896 912; x_wconf 77' lang='lat' dir='ltr'><strong>agere</strong></span> <span class='ocrx_word' id='word_1_34' title='bbox 924 832 1164 910; x_wconf 80' lang='lat' dir='ltr'><strong>poenitentiam.</strong></span> 
     </span>
     <span class='ocr_line' id='line_1_6' title="bbox 97 928 1167 1015; baseline 0 -18"><span class='ocrx_word' id='word_1_35' title='bbox 97 932 213 997; x_wconf 75' lang='lat' dir='ltr'><strong>Sancti</strong></span> <span class='ocrx_word' id='word_1_36' title='bbox 245 952 381 1013; x_wconf 90' lang='lat' dir='ltr'><strong>namque</strong></span> <span class='ocrx_word' id='word_1_37' title='bbox 414 952 453 995; x_wconf 89' lang='lat' dir='ltr'><strong>ac</strong></span> <span class='ocrx_word' id='word_1_38' title='bbox 478 928 621 1015; x_wconf 73' lang='lat' dir='ltr'><strong>religiosi</strong></span> <span class='ocrx_word' id='word_1_39' title='bbox 647 940 681 995; x_wconf 90' lang='lat' dir='ltr'><strong>et</strong></span> <span class='ocrx_word' id='word_1_40' title='bbox 705 928 777 995; x_wconf 86' lang='lat' dir='ltr'><strong>Deo</strong></span> <span class='ocrx_word' id='word_1_41' title='bbox 802 932 1014 1011; x_wconf 68' lang='lat' dir='ltr'><strong>acceptabiles</strong></span> <span class='ocrx_word' id='word_1_42' title='bbox 1039 933 1167 997; x_wconf 85' lang='lat' dir='ltr'><strong>antisti-</strong></span> 
     </span>
     <span class='ocr_line' id='line_1_7' title="bbox 97 1030 1168 1117; baseline -0.002 -18"><span class='ocrx_word' id='word_1_43' title='bbox 97 1036 237 1117; x_wconf 85' lang='lat' dir='ltr'><strong>tas¹¹²)</strong></span> <span class='ocrx_word' id='word_1_44' title='bbox 255 1032 313 1097; x_wconf 80' lang='lat' dir='ltr'><strong>aab</strong></span> <span class='ocrx_word' id='word_1_45' title='bbox 329 1040 448 1097; x_wconf 89' lang='lat' dir='ltr'><strong>tactum</strong></span> <span class='ocrx_word' id='word_1_46' title='bbox 465 1030 530 1097; x_wconf 88' lang='lat' dir='ltr'><strong>Dei</strong></span> <span class='ocrx_word' id='word_1_47' title='bbox 546 1035 682 1111; x_wconf 88' lang='lat' dir='ltr'><strong>intrant,</strong></span> <span class='ocrx_word' id='word_1_48' title='bbox 704 1042 781 1095; x_wconf 89' lang='lat' dir='ltr'><strong>tunc</strong></span> <span class='ocrx_word' id='word_1_49' title='bbox 801 1032 919 1097; x_wconf 80' lang='lat' dir='ltr'>ibidem</span> <span class='ocrx_word' id='word_1_50' title='bbox 936 1032 1093 1097; x_wconf 82' lang='lat' dir='ltr'><strong>Dominus</strong></span> <span class='ocrx_word' id='word_1_51' title='bbox 1109 1056 1168 1114; x_wconf 91' lang='lat' dir='ltr'><strong>per</strong></span> 
     </span>
     <span class='ocr_line' id='line_1_8' title="bbox 100 1132 1167 1219; baseline -0.002 -18"><span class='ocrx_word' id='word_1_52' title='bbox 100 1156 158 1201; x_wconf 87' lang='lat' dir='ltr'><strong>eoe</strong></span> <span class='ocrx_word' id='word_1_53' title='bbox 183 1136 362 1219; x_wconf 71' lang='lat' dir='ltr'><strong>ingreditur</strong></span> <span class='ocrx_word' id='word_1_54' title='bbox 382 1142 533 1215; x_wconf 89' lang='lat' dir='ltr'><strong>tauquam</strong></span> <span class='ocrx_word' id='word_1_55' title='bbox 549 1132 654 1199; x_wconf 89' lang='lat' dir='ltr'><strong>Deum</strong></span> <span class='ocrx_word' id='word_1_56' title='bbox 674 1136 933 1217; x_wconf 77' lang='lat' dir='ltr'><strong>auecipiens¹¹⁸)</strong></span> <span class='ocrx_word' id='word_1_57' title='bbox 976 1135 1020 1199; x_wconf 86' lang='lat' dir='ltr'><strong>Et</strong></span> <span class='ocrx_word' id='word_1_58' title='bbox 1041 1136 1167 1215; x_wconf 91' lang='lat' dir='ltr'><strong>quaudo</strong></span> 
     </span>
     <span class='ocr_line' id='line_1_9' title="bbox 97 1236 1167 1321; baseline 0.003 -22"><span class='ocrx_word' id='word_1_59' title='bbox 97 1258 182 1321; x_wconf 85' lang='lat' dir='ltr'><strong>pane</strong></span> <span class='ocrx_word' id='word_1_60' title='bbox 204 1238 289 1299; x_wconf 84' lang='lat' dir='ltr'><strong>vitae</strong></span> <span class='ocrx_word' id='word_1_61' title='bbox 311 1244 345 1299; x_wconf 92' lang='lat' dir='ltr'><strong>et</strong></span> <span class='ocrx_word' id='word_1_62' title='bbox 364 1236 479 1317; x_wconf 90' lang='lat' dir='ltr'><strong>poculo</strong></span> <span class='ocrx_word' id='word_1_63' title='bbox 499 1236 630 1315; x_wconf 83' lang='lat' dir='ltr'><strong>frueris,</strong></span> <span class='ocrx_word' id='word_1_64' title='bbox 657 1237 782 1317; x_wconf 88' lang='lat' dir='ltr'><strong>quando</strong></span> <span class='ocrx_word' id='word_1_65' title='bbox 809 1237 996 1317; x_wconf 82' lang='lat' dir='ltr'><strong>manducas,</strong></span> <span class='ocrx_word' id='word_1_66' title='bbox 1023 1244 1058 1301; x_wconf 87' lang='lat' dir='ltr'><strong>et</strong></span> <span class='ocrx_word' id='word_1_67' title='bbox 1083 1236 1167 1301; x_wconf 79' lang='lat' dir='ltr'><strong>bibis</strong></span> 
     </span>
     <span class='ocr_line' id='line_1_10' title="bbox 98 1326 1167 1423; baseline 0 -20"><span class='ocrx_word' id='word_1_68' title='bbox 98 1326 287 1423; x_wconf 77' lang='lat' dir='ltr'><strong>sanguinem</strong></span> <span class='ocrx_word' id='word_1_69' title='bbox 303 1335 448 1417; x_wconf 84' lang='lat' dir='ltr'><strong>Domini,</strong></span> <span class='ocrx_word' id='word_1_70' title='bbox 470 1348 545 1403; x_wconf 89' lang='lat' dir='ltr'><strong>tuuc</strong></span> <span class='ocrx_word' id='word_1_71' title='bbox 562 1337 720 1403; x_wconf 75' lang='lat' dir='ltr'><strong>Dominus</strong></span> <span class='ocrx_word' id='word_1_72' title='bbox 742 1337 801 1402; x_wconf 85' lang='lat' dir='ltr'><strong>sub</strong></span> <span class='ocrx_word' id='word_1_73' title='bbox 823 1346 941 1403; x_wconf 85' lang='lat' dir='ltr'><strong>tectum</strong></span> <span class='ocrx_word' id='word_1_74' title='bbox 958 1348 1046 1402; x_wconf 80' lang='lat' dir='ltr'><strong>tunm</strong></span> <span class='ocrx_word' id='word_1_75' title='bbox 1061 1341 1167 1423; x_wconf 82' lang='lat' dir='ltr'><strong>ingre-</strong></span> 
     </span>
     <span class='ocr_line' id='line_1_11' title="bbox 99 1430 1165 1525; baseline -0.004 -18"><span class='ocrx_word' id='word_1_76' title='bbox 99 1440 199 1507; x_wconf 80' lang='lat' dir='ltr'><strong>dItur.</strong></span> <span class='ocrx_word' id='word_1_77' title='bbox 241 1440 306 1505; x_wconf 86' lang='lat' dir='ltr'><strong>Ubi</strong></span> <span class='ocrx_word' id='word_1_78' title='bbox 335 1442 421 1505; x_wconf 83' lang='lat' dir='ltr'><strong>enlm</strong></span> <span class='ocrx_word' id='word_1_79' title='bbox 446 1440 575 1524; x_wconf 76' lang='lat' dir='ltr'><strong>indigue</strong></span> <span class='ocrx_word' id='word_1_80' title='bbox 600 1430 792 1525; x_wconf 77' lang='lat' dir='ltr'><strong>ingreditur,</strong></span> <span class='ocrx_word' id='word_1_81' title='bbox 818 1440 863 1505; x_wconf 85' lang='lat' dir='ltr'><strong>ibi</strong></span> <span class='ocrx_word' id='word_1_82' title='bbox 884 1440 926 1505; x_wconf 91' lang='lat' dir='ltr'><strong>ad</strong></span> <span class='ocrx_word' id='word_1_83' title='bbox 945 1440 1097 1504; x_wconf 86' lang='lat' dir='ltr'><strong>iudicium</strong></span> <span class='ocrx_word' id='word_1_84' title='bbox 1117 1442 1165 1503; x_wconf 91' lang='lat' dir='ltr'><strong>in-</strong></span> 
     </span>
     <span class='ocr_line' id='line_1_12' title="bbox 99 1538 504 1627; baseline -0.002 -22"><span class='ocrx_word' id='word_1_85' title='bbox 99 1542 244 1627; x_wconf 71' lang='lat' dir='ltr'><strong>greditur</strong></span> <span class='ocrx_word' id='word_1_86' title='bbox 255 1538 308 1605; x_wconf 90' lang='lat' dir='ltr'><strong>illi</strong></span> <span class='ocrx_word' id='word_1_87' title='bbox 325 1543 504 1623; x_wconf 74' lang='lat' dir='ltr'><strong>accipienti.</strong></span> 
     </span>
    </p>
   </div>
   <div class='ocr_carea' id='block_1_3' title="bbox 121 1706 1294 1881">
    <p class='ocr_par' dir='ltr' id='par_1_3' title="bbox 121 1706 1294 1881">
     <span class='ocr_line' id='line_1_13' title="bbox 121 1706 1294 1801; baseline -0.002 -26"><span class='ocrx_word' id='word_1_88' title='bbox 121 1708 161 1775; x_wconf 84' lang='lat' dir='ltr'><strong>C.</strong></span> <span class='ocrx_word' id='word_1_89' title='bbox 182 1706 273 1775; x_wconf 90' lang='lat' dir='ltr'>LVI.</span> <span class='ocrx_word' id='word_1_90' title='bbox 316 1708 357 1777; x_wconf 78' lang='lat' dir='ltr'><strong>Si</strong></span> <span class='ocrx_word' id='word_1_91' title='bbox 374 1712 523 1779; x_wconf 75' lang='lat' dir='ltr'><strong>sacerdos</strong></span> <span class='ocrx_word' id='word_1_92' title='bbox 543 1720 692 1792; x_wconf 70' lang='lat' dir='ltr'><strong>noritur,</strong></span> <span class='ocrx_word' id='word_1_93' title='bbox 714 1714 794 1801; x_wconf 75' lang='lat' dir='ltr'><strong>quati</strong></span> <span class='ocrx_word' id='word_1_94' title='bbox 813 1714 853 1779; x_wconf 88' lang='lat' dir='ltr'><strong>de</strong></span> <span class='ocrx_word' id='word_1_95' title='bbox 872 1712 964 1779; x_wconf 75' lang='lat' dir='ltr'><strong>redae</strong></span> <span class='ocrx_word' id='word_1_96' title='bbox 990 1715 1145 1779; x_wconf 77' lang='lat' dir='ltr'><strong>cccleeae&#39;ue</strong></span> <span class='ocrx_word' id='word_1_97' title='bbox 1173 1726 1294 1773; x_wconf 63' lang='lat' dir='ltr'><strong>nuos.</strong></span> 
     </span>
     <span class='ocr_line' id='line_1_14' title="bbox 535 1814 728 1881; baseline 0 -2"><span class='ocrx_word' id='word_1_98' title='bbox 535 1814 728 1881; x_wconf 71' lang='lat' dir='ltr'><strong>adametur.</strong></span> 
     </span>
    </p>
   </div>
   <div class='ocr_carea' id='block_1_4' title="bbox 99 1948 1166 2137">
    <p class='ocr_par' dir='ltr' id='par_1_4' title="bbox 99 1948 1166 2137">
     <span class='ocr_line' id='line_1_15' title="bbox 99 1948 1166 2038; baseline 0.002 -23"><span class='ocrx_word' id='word_1_99' title='bbox 99 1948 156 2015; x_wconf 83' lang='lat' dir='ltr'><strong>Ex</strong></span> <span class='ocrx_word' id='word_1_100' title='bbox 183 1948 361 2015; x_wconf 85' lang='lat' dir='ltr'><strong>Concilio</strong></span> <span class='ocrx_word' id='word_1_101' title='bbox 386 1948 575 2015; x_wconf 85' lang='lat' dir='ltr'><strong>Ilerdensi</strong></span> <span class='ocrx_word' id='word_1_102' title='bbox 603 1949 699 2016; x_wconf 86' lang='lat' dir='ltr'>VIII</span> <span class='ocrx_word' id='word_1_103' title='bbox 719 1952 989 2033; x_wconf 82' lang='lat' dir='ltr'><strong>Episcoporam</strong></span> <span class='ocrx_word' id='word_1_104' title='bbox 1019 1960 1166 2038; x_wconf 79' lang='lat' dir='ltr'><strong>gestum</strong></span> 
     </span>
     <span class='ocr_line' id='line_1_16' title="bbox 476 2056 786 2137; baseline 0.003 -22"><span class='ocrx_word' id='word_1_105' title='bbox 476 2075 565 2116; x_wconf 87' lang='lat' dir='ltr'><strong>aera</strong></span> <span class='ocrx_word' id='word_1_106' title='bbox 582 2056 786 2137; x_wconf 74' lang='lat'><strong>584²)114).</strong></span> 
     </span>
    </p>
   </div>
   <div class='ocr_carea' id='block_1_5' title="bbox 88 2168 1170 3779">
    <p class='ocr_par' dir='ltr' id='par_1_5' title="bbox 88 2168 1170 3779">
     <span class='ocr_line' id='line_1_17' title="bbox 94 2168 1166 2261; baseline 0 -26"><span class='ocrx_word' id='word_1_107' title='bbox 94 2212 114 2261; x_wconf 84' lang='lat'><strong>·.</strong></span> <span class='ocrx_word' id='word_1_108' title='bbox 184 2168 278 2237; x_wconf 73' lang='lat' dir='ltr'><strong>licet</strong></span> <span class='ocrx_word' id='word_1_109' title='bbox 294 2172 335 2235; x_wconf 88' lang='lat' dir='ltr'><strong>da</strong></span> <span class='ocrx_word' id='word_1_110' title='bbox 351 2192 388 2234; x_wconf 91' lang='lat' dir='ltr'><strong>re</strong></span> <span class='ocrx_word' id='word_1_111' title='bbox 404 2170 599 2249; x_wconf 85' lang='lat' dir='ltr'><strong>huiusmodi,</strong></span> <span class='ocrx_word' id='word_1_112' title='bbox 621 2192 714 2251; x_wconf 89' lang='lat' dir='ltr'><strong>quam</strong></span> <span class='ocrx_word' id='word_1_113' title='bbox 731 2173 923 2235; x_wconf 84' lang='lat' dir='ltr'><strong>constituere</strong></span> <span class='ocrx_word' id='word_1_114' title='bbox 940 2170 1062 2235; x_wconf 84' lang='lat' dir='ltr'><strong>salubri</strong></span> <span class='ocrx_word' id='word_1_115' title='bbox 1079 2172 1166 2235; x_wconf 89' lang='lat' dir='ltr'><strong>ordi-</strong></span> 
     </span>
     <span class='ocr_line' id='line_1_18' title="bbox 101 2272 1167 2352; baseline 0.001 -15"><span class='ocrx_word' id='word_1_116' title='bbox 101 2276 231 2339; x_wconf 87' lang='lat' dir='ltr'><strong>natione</strong></span> <span class='ocrx_word' id='word_1_117' title='bbox 252 2272 464 2351; x_wconf 73' lang='lat' dir='ltr'><strong>decerninus,</strong></span> <span class='ocrx_word' id='word_1_118' title='bbox 480 2274 584 2352; x_wconf 84' lang='lat' dir='ltr'><strong>prisca</strong></span> <span class='ocrx_word' id='word_1_119' title='bbox 600 2273 773 2335; x_wconf 87' lang='lat' dir='ltr'><strong>auctoritas</strong></span> <span class='ocrx_word' id='word_1_120' title='bbox 792 2294 948 2337; x_wconf 89' lang='lat' dir='ltr'><strong>canonum</strong></span> <span class='ocrx_word' id='word_1_121' title='bbox 968 2294 1167 2352; x_wconf 90' lang='lat' dir='ltr'><strong>nequaquam</strong></span> 
     </span>
     <span class='ocr_line' id='line_1_19' title="bbox 100 2372 1167 2454; baseline 0 -15"><span class='ocrx_word' id='word_1_122' title='bbox 100 2372 240 2453; x_wconf 80' lang='lat' dir='ltr'><strong>n&#39;lnarit,</strong></span> <span class='ocrx_word' id='word_1_123' title='bbox 256 2375 314 2439; x_wconf 83' lang='lat' dir='ltr'><strong>sed</strong></span> <span class='ocrx_word' id='word_1_124' title='bbox 331 2374 470 2439; x_wconf 86' lang='lat' dir='ltr'><strong>evidenti</strong></span> <span class='ocrx_word' id='word_1_125' title='bbox 487 2375 653 2437; x_wconf 85' lang='lat' dir='ltr'><strong>sanctione</strong></span> <span class='ocrx_word' id='word_1_126' title='bbox 669 2377 881 2454; x_wconf 76' lang='lat' dir='ltr'><strong>praeceperit,</strong></span> <span class='ocrx_word' id='word_1_127' title='bbox 903 2386 938 2439; x_wconf 91' lang='lat' dir='ltr'><strong>ut</strong></span> <span class='ocrx_word' id='word_1_128' title='bbox 954 2377 1167 2454; x_wconf 77' lang='lat' dir='ltr'><strong>cuiuscunque</strong></span> 
     </span>
     <span class='ocr_line' id='line_1_20' title="bbox 100 2472 1167 2557; baseline -0.001 -14"><span class='ocrx_word' id='word_1_129' title='bbox 100 2475 256 2543; x_wconf 76' lang='lat' dir='ltr'><strong>eccleciae</strong></span> <span class='ocrx_word' id='word_1_130' title='bbox 284 2472 435 2557; x_wconf 85' lang='lat' dir='ltr'><strong>pontifice</strong></span> <span class='ocrx_word' id='word_1_131' title='bbox 457 2476 606 2539; x_wconf 80' lang='lat' dir='ltr'><strong>defimcto</strong></span> <span class='ocrx_word' id='word_1_132' title='bbox 627 2494 691 2538; x_wconf 90' lang='lat' dir='ltr'><strong>non</strong></span> <span class='ocrx_word' id='word_1_133' title='bbox 715 2478 833 2555; x_wconf 84' lang='lat' dir='ltr'><strong>passim</strong></span> <span class='ocrx_word' id='word_1_134' title='bbox 855 2497 912 2556; x_wconf 95' lang='lat' dir='ltr'><strong>pro</strong></span> <span class='ocrx_word' id='word_1_135' title='bbox 933 2475 1026 2540; x_wconf 83' lang='lat' dir='ltr'><strong>libitu</strong></span> <span class='ocrx_word' id='word_1_136' title='bbox 1047 2497 1106 2539; x_wconf 88' lang='lat' dir='ltr'><strong>suo</strong></span> <span class='ocrx_word' id='word_1_137' title='bbox 1132 2478 1167 2542; x_wconf 90' lang='lat' dir='ltr'><strong>in</strong></span> 
     </span>
     <span class='ocr_line' id='line_1_21' title="bbox 101 2576 1167 2659; baseline -0.002 -16"><span class='ocrx_word' id='word_1_138' title='bbox 101 2598 211 2643; x_wconf 91' lang='lat' dir='ltr'><strong>earum</strong></span> <span class='ocrx_word' id='word_1_139' title='bbox 226 2598 334 2643; x_wconf 88' lang='lat' dir='ltr'><strong>rerum</strong></span> <span class='ocrx_word' id='word_1_140' title='bbox 351 2578 573 2657; x_wconf 81' lang='lat' dir='ltr'><strong>direptionem,</strong></span> <span class='ocrx_word' id='word_1_141' title='bbox 596 2598 673 2657; x_wconf 84' lang='lat' dir='ltr'><strong>quas</strong></span> <span class='ocrx_word' id='word_1_142' title='bbox 691 2576 803 2641; x_wconf 85' lang='lat' dir='ltr'><strong>obiens</strong></span> <span class='ocrx_word' id='word_1_143' title='bbox 824 2576 1005 2659; x_wconf 85' lang='lat' dir='ltr'><strong>dereliquit,</strong></span> <span class='ocrx_word' id='word_1_144' title='bbox 1027 2580 1167 2657; x_wconf 85' lang='lat' dir='ltr'><strong>quisquis</strong></span> 
     </span>
     <span class='ocr_line' id='line_1_22' title="bbox 102 2678 1167 2761; baseline 0 -18"><span class='ocrx_word' id='word_1_145' title='bbox 102 2680 202 2743; x_wconf 72' lang='lat' dir='ltr'><strong>uruat</strong></span> <span class='ocrx_word' id='word_1_146' title='bbox 220 2678 409 2759; x_wconf 78' lang='lat' dir='ltr'><strong>dearumque</strong></span> <span class='ocrx_word' id='word_1_147' title='bbox 426 2679 598 2757; x_wconf 89' lang='lat' dir='ltr'><strong>subvertat,</strong></span> <span class='ocrx_word' id='word_1_148' title='bbox 617 2679 672 2741; x_wconf 88' lang='lat' dir='ltr'><strong>sed</strong></span> <span class='ocrx_word' id='word_1_149' title='bbox 691 2679 849 2759; x_wconf 83' lang='lat' dir='ltr'><strong>sacerdos,</strong></span> <span class='ocrx_word' id='word_1_150' title='bbox 872 2683 925 2761; x_wconf 91' lang='lat' dir='ltr'><strong>qui</strong></span> <span class='ocrx_word' id='word_1_151' title='bbox 942 2682 1167 2760; x_wconf 85' lang='lat' dir='ltr'><strong>exsequiarum</strong></span> 
     </span>
     <span class='ocr_line' id='line_1_23' title="bbox 104 2779 1168 2863; baseline -0.002 -16"><span class='ocrx_word' id='word_1_152' title='bbox 104 2790 247 2863; x_wconf 78' lang='lat' dir='ltr'><strong>tempore</strong></span> <span class='ocrx_word' id='word_1_153' title='bbox 269 2782 376 2860; x_wconf 82' lang='lat' dir='ltr'><strong>adest,</strong></span> <span class='ocrx_word' id='word_1_154' title='bbox 400 2782 522 2859; x_wconf 91' lang='lat' dir='ltr'><strong>omnia,</strong></span> <span class='ocrx_word' id='word_1_155' title='bbox 545 2800 626 2859; x_wconf 89' lang='lat' dir='ltr'><strong>quae</strong></span> <span class='ocrx_word' id='word_1_156' title='bbox 646 2782 688 2844; x_wconf 92' lang='lat' dir='ltr'><strong>ad</strong></span> <span class='ocrx_word' id='word_1_157' title='bbox 710 2779 879 2844; x_wconf 85' lang='lat' dir='ltr'><strong>utilitatem</strong></span> <span class='ocrx_word' id='word_1_158' title='bbox 901 2790 934 2844; x_wconf 90' lang='lat' dir='ltr'><strong>et</strong></span> <span class='ocrx_word' id='word_1_159' title='bbox 950 2782 1168 2845; x_wconf 80' lang='lat' dir='ltr'><strong>conservatio·</strong></span> 
     </span>
     <span class='ocr_line' id='line_1_24' title="bbox 104 2881 1167 2965; baseline -0.006 -14"><span class='ocrx_word' id='word_1_160' title='bbox 104 2902 175 2951; x_wconf 73' lang='lat' dir='ltr'><strong>uem</strong></span> <span class='ocrx_word' id='word_1_161' title='bbox 191 2884 362 2963; x_wconf 87' lang='lat' dir='ltr'><strong>pertinent,</strong></span> <span class='ocrx_word' id='word_1_162' title='bbox 380 2882 558 2965; x_wconf 69' lang='lat' dir='ltr'><strong>debetffl)</strong></span> <span class='ocrx_word' id='word_1_163' title='bbox 577 2881 718 2965; x_wconf 81' lang='lat' dir='ltr'><strong>diligenti</strong></span> <span class='ocrx_word' id='word_1_164' title='bbox 736 2885 1015 2963; x_wconf 77' lang='lat' dir='ltr'><strong>circumspectione</strong></span> <span class='ocrx_word' id='word_1_165' title='bbox 1033 2886 1167 2963; x_wconf 73' lang='lat' dir='ltr'><strong>maome,</strong></span> 
     </span>
     <span class='ocr_line' id='line_1_25' title="bbox 105 2982 1167 3066; baseline 0 -17"><span class='ocrx_word' id='word_1_166' title='bbox 105 2990 225 3063; x_wconf 75' lang='lat' dir='ltr'><strong>tranen,</strong></span> <span class='ocrx_word' id='word_1_167' title='bbox 251 2986 325 3064; x_wconf 90' lang='lat' dir='ltr'><strong>quia</strong></span> <span class='ocrx_word' id='word_1_168' title='bbox 351 2982 432 3047; x_wconf 87' lang='lat' dir='ltr'><strong>haec</strong></span> <span class='ocrx_word' id='word_1_169' title='bbox 456 2986 526 3063; x_wconf 83' lang='lat' dir='ltr'><strong>ipsa</strong></span> <span class='ocrx_word' id='word_1_170' title='bbox 551 2985 690 3063; x_wconf 82' lang='lat' dir='ltr'><strong>sanctio,</strong></span> <span class='ocrx_word' id='word_1_171' title='bbox 717 2986 801 3066; x_wconf 92' lang='lat' dir='ltr'><strong>quod</strong></span> <span class='ocrx_word' id='word_1_172' title='bbox 826 2988 914 3064; x_wconf 79' lang='lat' dir='ltr'><strong>peius</strong></span> <span class='ocrx_word' id='word_1_173' title='bbox 933 2994 996 3065; x_wconf 80' lang='lat' dir='ltr'><strong>est,</strong></span> <span class='ocrx_word' id='word_1_174' title='bbox 1024 2984 1167 3049; x_wconf 84' lang='lat' dir='ltr'><strong>amultis</strong></span> 
     </span>
     <span class='ocr_line' id='line_1_26' title="bbox 88 3082 1168 3171; baseline -0.002 -20"><span class='ocrx_word' id='word_1_175' title='bbox 88 3082 226 3151; x_wconf 67' lang='lat' dir='ltr'><strong>*dulcis</strong></span> <span class='ocrx_word' id='word_1_176' title='bbox 251 3088 452 3171; x_wconf 80' lang='lat' dir='ltr'><strong>cognoscitur</strong></span> <span class='ocrx_word' id='word_1_177' title='bbox 476 3082 605 3162; x_wconf 85' lang='lat' dir='ltr'><strong>violari,</strong></span> <span class='ocrx_word' id='word_1_178' title='bbox 631 3088 678 3148; x_wconf 92' lang='lat' dir='ltr'><strong>ita</strong></span> <span class='ocrx_word' id='word_1_179' title='bbox 703 3096 741 3149; x_wconf 91' lang='lat' dir='ltr'><strong>ut</strong></span> <span class='ocrx_word' id='word_1_180' title='bbox 761 3086 967 3149; x_wconf 86' lang='lat' dir='ltr'><strong>occumbente</strong></span> <span class='ocrx_word' id='word_1_181' title='bbox 990 3086 1168 3165; x_wconf 79' lang='lat' dir='ltr'><strong>sacerdote,</strong></span> 
     </span>
     <span class='ocr_line' id='line_1_27' title="bbox 89 3184 1167 3269; baseline -0.004 -18"><span class='ocrx_word' id='word_1_182' title='bbox 89 3194 309 3269; x_wconf 67' lang='lat' dir='ltr'><strong>*expectorato</strong></span> <span class='ocrx_word' id='word_1_183' title='bbox 322 3188 439 3251; x_wconf 81' lang='lat' dir='ltr'><strong>all&#39;ectn</strong></span> <span class='ocrx_word' id='word_1_184' title='bbox 452 3194 583 3265; x_wconf 87' lang='lat' dir='ltr'><strong>totaque</strong></span> <span class='ocrx_word' id='word_1_185' title='bbox 596 3184 779 3266; x_wconf 87' lang='lat' dir='ltr'><strong>disciplinae</strong></span> <span class='ocrx_word' id='word_1_186' title='bbox 792 3190 963 3250; x_wconf 84' lang='lat' dir='ltr'><strong>severitate</strong></span> <span class='ocrx_word' id='word_1_187' title='bbox 976 3185 1167 3266; x_wconf 83' lang='lat' dir='ltr'><strong>posthabita,</strong></span> 
     </span>
     <span class='ocr_line' id='line_1_28' title="bbox 88 3282 1170 3368; baseline -0.006 -13"><span class='ocrx_word' id='word_1_188' title='bbox 88 3282 296 3367; x_wconf 66' lang='lat' dir='ltr'><strong>liberarior,</strong></span> <span class='ocrx_word' id='word_1_189' title='bbox 318 3310 399 3368; x_wconf 86' lang='lat' dir='ltr'><strong>quae</strong></span> <span class='ocrx_word' id='word_1_190' title='bbox 420 3290 453 3351; x_wconf 90' lang='lat' dir='ltr'><strong>in</strong></span> <span class='ocrx_word' id='word_1_191' title='bbox 476 3288 569 3351; x_wconf 91' lang='lat' dir='ltr'><strong>domo</strong></span> <span class='ocrx_word' id='word_1_192' title='bbox 590 3286 766 3367; x_wconf 88' lang='lat' dir='ltr'><strong>pontificali</strong></span> <span class='ocrx_word' id='word_1_193' title='bbox 782 3290 993 3367; x_wconf 87' lang='lat' dir='ltr'><strong>reperiuntur,</strong></span> <span class='ocrx_word' id='word_1_194' title='bbox 1014 3286 1170 3349; x_wconf 84' lang='lat' dir='ltr'><strong>invadant</strong></span> 
     </span>
     <span class='ocr_line' id='line_1_29' title="bbox 88 3378 1169 3469; baseline -0.005 -15"><span class='ocrx_word' id='word_1_195' title='bbox 88 3398 133 3457; x_wconf 75' lang='lat' dir='ltr'><strong>tet</strong></span> <span class='ocrx_word' id='word_1_196' title='bbox 157 3388 365 3469; x_wconf 68' lang='lat' dir='ltr'><strong>eleuabant,</strong></span> <span class='ocrx_word' id='word_1_197' title='bbox 389 3392 423 3455; x_wconf 92' lang='lat' dir='ltr'><strong>id</strong></span> <span class='ocrx_word' id='word_1_198' title='bbox 451 3410 533 3453; x_wconf 92' lang='lat' dir='ltr'><strong>nuuc</strong></span> <span class='ocrx_word' id='word_1_199' title='bbox 559 3410 669 3453; x_wconf 84' lang='lat' dir='ltr'><strong>omues</strong></span> <span class='ocrx_word' id='word_1_200' title='bbox 690 3388 782 3453; x_wconf 84' lang='lat' dir='ltr'><strong>haim</strong></span> <span class='ocrx_word' id='word_1_201' title='bbox 803 3387 912 3469; x_wconf 89' lang='lat' dir='ltr'><strong>placiti</strong></span> <span class='ocrx_word' id='word_1_202' title='bbox 934 3386 985 3451; x_wconf 86' lang='lat' dir='ltr'><strong>vel</strong></span> <span class='ocrx_word' id='word_1_203' title='bbox 1006 3378 1169 3455; x_wconf 85' lang='lat' dir='ltr'><strong>constituti</strong></span> 
     </span>
     <span class='ocr_line' id='line_1_30' title="bbox 102 3488 1168 3571; baseline -0.005 -14"><span class='ocrx_word' id='word_1_204' title='bbox 102 3488 187 3559; x_wconf 77' lang='lat' dir='ltr'><strong>Inter</strong></span> <span class='ocrx_word' id='word_1_205' title='bbox 206 3511 266 3555; x_wconf 80' lang='lat' dir='ltr'><strong>noe</strong></span> <span class='ocrx_word' id='word_1_206' title='bbox 287 3512 421 3563; x_wconf 82' lang='lat' dir='ltr'><strong>censura</strong></span> <span class='ocrx_word' id='word_1_207' title='bbox 440 3490 559 3571; x_wconf 87' lang='lat' dir='ltr'><strong>placuit</strong></span> <span class='ocrx_word' id='word_1_208' title='bbox 581 3491 754 3567; x_wconf 83' lang='lat' dir='ltr'><strong>custodire,</strong></span> <span class='ocrx_word' id='word_1_209' title='bbox 776 3500 827 3569; x_wconf 90' lang='lat' dir='ltr'><strong>ut,</strong></span> <span class='ocrx_word' id='word_1_210' title='bbox 854 3490 1003 3553; x_wconf 84' lang='lat' dir='ltr'><strong>defuncto</strong></span> <span class='ocrx_word' id='word_1_211' title='bbox 1025 3489 1168 3553; x_wconf 73' lang='lat' dir='ltr'><strong>antistite</strong></span> 
     </span>
     <span class='ocr_line' id='line_1_31' title="bbox 99 3588 1169 3677; baseline 0.001 -26"><span class='ocrx_word' id='word_1_212' title='bbox 99 3592 151 3657; x_wconf 76' lang='lat' dir='ltr'><strong>rel</strong></span> <span class='ocrx_word' id='word_1_213' title='bbox 185 3593 284 3656; x_wconf 83' lang='lat' dir='ltr'><strong>etiam</strong></span> <span class='ocrx_word' id='word_1_214' title='bbox 313 3592 416 3656; x_wconf 82' lang='lat' dir='ltr'><strong>adlruc</strong></span> <span class='ocrx_word' id='word_1_215' title='bbox 444 3595 478 3655; x_wconf 91' lang='lat' dir='ltr'><strong>iu</strong></span> <span class='ocrx_word' id='word_1_216' title='bbox 504 3594 655 3671; x_wconf 85' lang='lat' dir='ltr'><strong>supremis</strong></span> <span class='ocrx_word' id='word_1_217' title='bbox 681 3600 811 3677; x_wconf 78' lang='lat' dir='ltr'><strong>agente,</strong></span> <span class='ocrx_word' id='word_1_218' title='bbox 846 3589 952 3655; x_wconf 87' lang='lat' dir='ltr'><strong>nullae</strong></span> <span class='ocrx_word' id='word_1_219' title='bbox 983 3588 1169 3654; x_wconf 90' lang='lat' dir='ltr'><strong>clericorum</strong></span> 
     </span>
     <span class='ocr_line' id='line_1_32' title="bbox 98 3690 1168 3779; baseline -0.005 -19"><span class='ocrx_word' id='word_1_220' title='bbox 98 3692 433 3773; x_wconf 67' lang='lat' dir='ltr'><strong>mutuamina,</strong></span> <span class='ocrx_word' id='word_1_221' title='bbox 465 3691 563 3757; x_wconf 89' lang='lat' dir='ltr'><strong>officii</strong></span> <span class='ocrx_word' id='word_1_222' title='bbox 593 3692 646 3757; x_wconf 90' lang='lat' dir='ltr'><strong>vel</strong></span> <span class='ocrx_word' id='word_1_223' title='bbox 671 3694 787 3779; x_wconf 81' lang='lat' dir='ltr'><strong>gradus</strong></span> <span class='ocrx_word' id='word_1_224' title='bbox 813 3694 982 3773; x_wconf 89' lang='lat' dir='ltr'><strong>quidquam</strong></span> <span class='ocrx_word' id='word_1_225' title='bbox 1007 3691 1047 3755; x_wconf 92' lang='lat' dir='ltr'><strong>de</strong></span> <span class='ocrx_word' id='word_1_226' title='bbox 1074 3690 1168 3755; x_wconf 92' lang='lat' dir='ltr'><strong>domo</strong></span> 
     </span>
    </p>
   </div>
   <div class='ocr_carea' id='block_1_6' title="bbox 93 3814 316 3839">
    <p class='ocr_par' dir='ltr' id='par_1_6' title="bbox 93 3814 316 3839">
     <span class='ocr_line' id='line_1_33' title="bbox 93 3814 316 3839; baseline 0 -6"><span class='ocrx_word' id='word_1_227' title='bbox 93 3814 316 3839; x_wconf 41' lang='lat' dir='ltr'><strong>W..-</strong></span> 
     </span>
    </p>
   </div>
   <div class='ocr_carea' id='block_1_7' title="bbox 88 3916 1170 4047">
    <p class='ocr_par' dir='ltr' id='par_1_7' title="bbox 88 3916 1170 4047">
     <span class='ocr_line' id='line_1_34' title="bbox 94 3916 1170 3981; baseline 0 -16"><span class='ocrx_word' id='word_1_228' title='bbox 94 3972 101 3981; x_wconf 36' lang='grc' dir='ltr'>Ι</span> <span class='ocrx_word' id='word_1_229' title='bbox 170 3918 201 3967; x_wconf 84' lang='lat' dir='ltr'><strong>c.</strong></span> <span class='ocrx_word' id='word_1_230' title='bbox 217 3918 282 3967; x_wconf 79' lang='lat' dir='ltr'><strong>Lvl.</strong></span> <span class='ocrx_word' id='word_1_231' title='bbox 314 3918 339 3980; x_wconf 86' lang='lat' dir='ltr'><strong>t)</strong></span> <span class='ocrx_word' id='word_1_232' title='bbox 355 3918 420 3970; x_wconf 77' lang='lat' dir='ltr'><strong>Bab.</strong></span> <span class='ocrx_word' id='word_1_233' title='bbox 429 3932 490 3969; x_wconf 83' lang='lat' dir='ltr'><strong>aun.</strong></span> <span class='ocrx_word' id='word_1_234' title='bbox 499 3920 571 3981; x_wconf 65' lang='lat' dir='ltr'><strong>dett,</strong></span> <span class='ocrx_word' id='word_1_235' title='bbox 586 3932 608 3967; x_wconf 87' lang='lat' dir='ltr'><strong>c.</strong></span> <span class='ocrx_word' id='word_1_236' title='bbox 619 3916 959 3981; x_wconf 80' lang='lat' dir='ltr'><strong>16.-Excoll.liirpaue,</strong></span> <span class='ocrx_word' id='word_1_237' title='bbox 970 3916 1170 3977; x_wconf 77' lang='lat' dir='ltr'><strong>culueertquo·</strong></span> 
     </span>
     <span class='ocr_line' id='line_1_35' title="bbox 88 3984 341 4047; baseline -0.008 -12"><span class='ocrx_word' id='word_1_238' title='bbox 88 3984 341 4047; x_wconf 62' lang='lat' dir='ltr'><strong>{uchruuolcgla</strong></span> 
     </span>
    </p>
   </div>
   <div class='ocr_carea' id='block_1_8' title="bbox 88 4094 1171 4465">
    <p class='ocr_par' dir='ltr' id='par_1_8' title="bbox 88 4094 1171 4465">
     <span class='ocr_line' id='line_1_36' title="bbox 140 4094 1171 4217; baseline -0.007 -18"><span class='ocrx_word' id='word_1_239' title='bbox 140 4094 181 4199; x_wconf 78' lang='lat' dir='ltr'><strong>c.</strong></span> <span class='ocrx_word' id='word_1_240' title='bbox 199 4136 262 4203; x_wconf 81' lang='lat' dir='ltr'><strong>nv.</strong></span> <span class='ocrx_word' id='word_1_241' title='bbox 283 4144 356 4209; x_wconf 68' lang='grc' dir='ltr'><strong>ιη)</strong></span> <span class='ocrx_word' id='word_1_242' title='bbox 371 4136 615 4217; x_wconf 49' lang='lat' dir='ltr'><strong>emessam.</strong></span> <span class='ocrx_word' id='word_1_243' title='bbox 659 4142 752 4201; x_wconf 74' lang='lat' dir='ltr'><strong>mo:</strong></span> <span class='ocrx_word' id='word_1_244' title='bbox 769 4136 990 4199; x_wconf 63' lang='lat' dir='ltr'><strong>menoare.</strong></span> <span class='ocrx_word' id='word_1_245' title='bbox 1035 4134 1171 4209; x_wconf 66' lang='lat' dir='ltr'><strong>stome-</strong></span> 
     </span>
     <span class='ocr_line' id='line_1_37' title="bbox 88 4222 849 4303; baseline -0.004 -18"><span class='ocrx_word' id='word_1_246' title='bbox 88 4224 179 4299; x_wconf 73' lang='lat' dir='ltr'><strong>ita)</strong></span> <span class='ocrx_word' id='word_1_247' title='bbox 196 4226 379 4301; x_wconf 69' lang='lat' dir='ltr'><strong>susceptare.-</strong></span> <span class='ocrx_word' id='word_1_248' title='bbox 397 4222 467 4284; x_wconf 78' lang='lat' dir='ltr'><strong>ibid.</strong></span> <span class='ocrx_word' id='word_1_249' title='bbox 663 4225 751 4286; x_wconf 81' lang='lat' dir='ltr'><strong>leot:</strong></span> <span class='ocrx_word' id='word_1_250' title='bbox 768 4224 849 4303; x_wconf 85' lang='lat' dir='ltr'><strong>llisp.</strong></span> 
     </span>
     <span class='ocr_line' id='line_1_38' title="bbox 143 4306 612 4389; baseline 0.002 -20"><span class='ocrx_word' id='word_1_251' title='bbox 143 4309 181 4369; x_wconf 80' lang='lat' dir='ltr'><strong>G.</strong></span> <span class='ocrx_word' id='word_1_252' title='bbox 194 4306 272 4371; x_wconf 85' lang='lat' dir='ltr'><strong>LVI·</strong></span> <span class='ocrx_word' id='word_1_253' title='bbox 293 4314 367 4385; x_wconf 77' lang='grc'><em>111)</em></span> <span class='ocrx_word' id='word_1_254' title='bbox 379 4310 462 4371; x_wconf 70' lang='lat'><em>7111.</em></span> <span class='ocrx_word' id='word_1_255' title='bbox 471 4312 526 4389; x_wconf 80' lang='lat' dir='ltr'><strong>Ep.</strong></span> <span class='ocrx_word' id='word_1_256' title='bbox 539 4330 572 4388; x_wconf 80' lang='lat' dir='ltr'><strong>g.</strong></span> <span class='ocrx_word' id='word_1_257' title='bbox 583 4328 612 4371; x_wconf 80' lang='lat' dir='ltr'><strong>a.</strong></span> 
     </span>
     <span class='ocr_line' id='line_1_39' title="bbox 914 4404 957 4465; baseline 0 0"><span class='ocrx_word' id='word_1_258' title='bbox 914 4404 957 4465; x_wconf 77' lang='grc'><strong>21</strong></span> 
     </span>
    </p>
   </div>
   <div class='ocr_carea' id='block_1_9' title="bbox 0 0 1309 4898">
    <p class='ocr_par' dir='ltr' id='par_1_9' title="bbox 0 0 1309 4898">
     <span class='ocr_line' id='line_1_40' title="bbox 0 0 1309 4898; baseline 0 0"><span class='ocrx_word' id='word_1_259' title='bbox 0 0 1309 4898; x_wconf 95' lang='lat' dir='ltr'><strong> </strong></span> 
     </span>
    </p>
   </div>
  </div>
 </body>
</html>
