2594 4898
18 833 117 927 »ᾖ

18 918 147 1019 ,rud

176 338 224 400 du
455 332 621 395 anemo
643 331 776 393 LIBER
798 330 970 393 culmus.

175 502 489 570 tiones'sacerdotum
504 503 580 565 dare
588 499 803 586 neglexerint,
815 503 1144 564 excommunicentur.
1163 484 1249 565 Iuro.

176 614 283 671 mento
294 628 370 670 vcro
380 627 435 669 eos
446 605 620 688 constringi
630 602 775 668 nolumus
784 610 911 683 propter
919 600 1092 682 perieulum
1107 605 1247 684 periurii.

377 774 414 840 C.
433 772 559 839 XLVI.
594 773 680 838 Item
696 773 737 838 de
753 779 843 838 nonis
860 782 894 837 et
912 772 1049 838 decimir.
1101 772 1117 840 ’.

235 858 379 905 aemon
407 850 547 898 10le
579 872 603 903 μ
679 855 797 897 erma
820 844 957 903 (aare),
977 854 1014 892 as

455 911 514 975 Ex
540 875 689 984 θοάζω,
717 931 796 989 cap.
814 906 921 972 XXI.
933 909 973 992 V).

262 1029 315 1094 De
341 1033 432 1094 nonis
460 1029 586 1110 quidem
607 1036 642 1092 et
663 1028 808 1106 decimis,
835 1028 918 1090 unde
937 1035 970 1092 et
987 1028 1115 1112 genitor
1141 1036 1247 1092 noster

179 1141 212 1197 et
229 1154 288 1197 nos
306 1133 486 1212 frequenter
504 1138 537 1195 et
554 1133 587 1194 in
605 1131 738 1194 diversis
756 1128 883 1210 placitis
901 1130 1151 1194 admonitionem
1173 1130 1247 1194 feci·

177 1256 264 1314 mue,
282 1241 316 1297 et
332 1255 389 1313 per
408 1231 604 1314 capitularia
622 1239 746 1310 nostra,
775 1230 910 1311 qualiter
927 1231 1007 1294 haec
1029 1231 1245 1310 observentur,

178 1337 408 1414 ordinavimus,
426 1334 572 1399 volumus
591 1341 685 1415 atque
702 1333 862 1410 iubemus,
885 1339 921 1396 ut
942 1333 982 1396 de
1004 1332 1092 1397 omni
1109 1331 1246 1398 collebo-

176 1445 249 1502 ratu
266 1445 298 1502 et
315 1439 355 1501 de
379 1440 455 1500 vino
478 1445 512 1501 et
533 1437 629 1501 foeno
657 1433 797 1498 fideliter
819 1441 852 1499 et
872 1432 1008 1514 pleniter
1033 1435 1073 1499 ab
1103 1436 1246 1501 omnibus

177 1560 263 1602 nona
281 1548 313 1601 et
332 1539 453 1601 decima
469 1537 681 1618 persolvatur.
723 1535 775 1601 De
798 1537 967 1601 nutrimine
987 1544 1065 1619 vero
1088 1559 1146 1619 pro
1166 1539 1246 1601 deci·

176 1661 242 1717 ma,
261 1641 343 1702 sicut
359 1638 510 1702 haetenus
530 1638 722 1702 consuetudo
740 1639 818 1718 fuit,
837 1638 878 1702 ab
892 1626 1036 1702 omnibus¹
1051 1639 1245 1703 observetur.

177 1739 214 1803 Si
232 1743 301 1820 quis
319 1746 426 1803 tamen
446 1742 664 1820 episcoporum
689 1739 800 1818 fuerit,
828 1742 882 1821 qui
907 1748 1073 1825 argentum
1099 1763 1160 1821 pro
1187 1740 1246 1804 boc

179 1842 321 1920 accipere
348 1841 440 1919 velit,
467 1844 500 1903 in
523 1863 582 1904 sua
601 1849 730 1905 manent
754 1848 926 1922 potestate,
953 1845 1051 1907 iuxta
1064 1844 1149 1924 quod
1168 1847 1199 1907 ei
1212 1850 1243 1923 xct

51 1965 54 1969 ·
179 1941 244 2021 illi,
263 1944 315 2022 qui
332 1940 395 2007 boc
412 1941 596 2023 persolvere
614 1943 726 2022 debet,
745 1947 941 2008 convenerit.

368 2109 406 2175 C.
424 2109 567 2176 XLVII.
603 2110 687 2176 Item
706 2113 745 2177 de
761 2119 852 2178 nonde
870 2124 904 2178 et
922 2115 1059 2180 deceno.

408 2248 469 2313 Ex
495 2248 642 2327 eodem,
671 2270 748 2331 cap.
766 2249 812 2315 V.
828 2221 895 2314 dib.
917 2248 1017 2335 VJ).

255 2365 307 2431 De
315 2365 377 2447 bis,
387 2370 440 2448 qui
449 2389 551 2432 nonos
561 2376 594 2432 et
602 2369 739 2432 decimas
752 2370 885 2449 iamper
897 2367 1008 2433 multos
1022 2390 1125 2434 annos
1137 2377 1194 2436 aut
1206 2390 1245 2435 er

180 2480 270 2551 perte
284 2475 339 2533 aut
353 2490 397 2534 ex
411 2476 480 2534 toto
499 2470 575 2533 dare
597 2470 818 2555 neglexerunt,
837 2468 993 2550 volumus,
1010 2480 1046 2536 ut
1060 2492 1121 2552 per
1135 2475 1245 2537 minor
1287 2508 1289 2515 ·

179 2579 306 2636 nostros
316 2574 580 2656 constringentur,
589 2573 805 2636 utrecundum
818 2573 1158 2659 consuetudinemffl)
1166 2575 1245 2654 pdo-

146 2695 152 2705 ·
178 2693 246 2734 rem
259 2670 383 2734 solvent
397 2675 488 2736 unius
503 2674 579 2736 enni
593 2694 710 2736 nonem
724 2681 757 2737 et
775 2674 929 2739 decimam
946 2697 1015 2739 cum
1036 2697 1093 2738 sua
1114 2672 1199 2759 lego,
1216 2682 1245 2738 et

178 2774 305 2851 insuper
331 2771 470 2836 bannum
496 2781 646 2839 nostrum.
689 2774 732 2838 Et
758 2774 819 2838 boc
838 2778 884 2839 eis
903 2776 1124 2855 denuncietur,
1153 2778 1244 2857 quod,

179 2875 353 2952 quicunque
374 2870 457 2937 banc
479 2873 706 2960 negligentiam
727 2878 906 2957 iteraverit,
932 2875 1137 2957 beneficium,
1164 2877 1244 2940 unde

179 2972 360 3038 haec'nona
376 2982 410 3039 ct
427 2978 551 3041 decima
575 2976 716 3057 persolvi
742 2976 868 3057 debuit,
895 2981 1083 3044 umbrorum
1103 2998 1142 3045 so
1157 2980 1244 3044 sciat

421 3142 458 3208 C.
476 3144 635 3210 XLVIII.
676 3138 761 3212 Item
779 3148 819 3212 dc
836 3149 945 3213 eaden·
961 3170 1010 3213 re.
1069 3176 1073 3183 ·

604 3280 690 3362 Cep.
710 3279 825 3367 V1.¹).

267 3395 451 3480 Quicunque
478 3401 635 3466 decimam
661 3399 817 3465 rhenatnu
843 3401 883 3465 de
908 3401 1061 3483 ecclesie,
1087 3403 1131 3469 ud
1156 3423 1246 3485 quum

18 3510 24 3525 '
61 3500 64 3505 ’
178 3521 238 3582 per
253 3503 408 3567 iustitiam
425 3502 522 3568 debet
539 3504 624 3582 dari,
653 3509 686 3566 et
703 3524 774 3566 eam
789 3510 1029 3582 praesumtuose
1046 3502 1100 3568 vel
1121 3513 1248 3587 propter

179 3621 311 3664 munera
333 3610 388 3666 aut
411 3604 582 3665 amicitiam
603 3601 657 3666 vel
679 3602 774 3667 aliam
796 3602 968 3684 quemlibet
989 3607 1195 3671 occasionem
1209 3604 1247 3670 ad

251 3754 278 3802 c.
296 3753 387 3803 XLVI.
422 3752 451 3814 v)
462 3757 735 3817 nnseg.cop.b.11.c.
746 3763 787 3807 21.
798 3758 833 3820 (c.
844 3762 885 3809 ²3.
895 3760 1006 3821 capitul.
1016 3762 1139 3824 nquhgr.
1147 3776 1173 3815 ι.
1180 3762 1250 3823 ⁸25.)

249 3821 276 3869 C.
294 3822 396 3871 xbvn.
431 3823 467 3882 w)
475 3824 546 3870 Haec
557 3824 690 3885 inscriptio
699 3829 792 3874 mutila
800 3832 849 3877 ert.
882 3829 980 3890 Regino
991 3829 1249 3879 enimderumrttboe

183 3890 262 3950 ceput
269 3902 304 3937 ex
314 3904 336 3937 e.
346 3892 369 3936 Β.
379 3890 522 3951 capitatur.
531 3893 658 3940 wormat.
667 3909 727 3943 ann.
737 3897 808 3955 829.;
826 3896 878 3943 buc
889 3896 1001 3956 pertinet
1009 3896 1085 3946 illud=
1102 3896 1151 3946 Ex
1159 3896 1249 3959 enh,

181 3970 239 4017 up·
258 3956 303 4018 7.,
321 3957 399 4006 simul
415 3962 502 4008 sutem
520 3960 652 4010 invenitur
667 3963 694 4010 iu
711 3963 778 4012 libro
790 3965 820 4010 V.
838 3964 944 4025 (Bened.
957 3964 989 4026 Ι.)
999 3960 1249 4026 captur-unt,

186 4024 359 4084 bucrpectut:
378 4025 435 4077 Lu.
451 4028 494 4090 7.,
513 4029 609 4079 omisso
623 4033 710 4080 tumen
728 4031 821 4092 cupitis
839 4046 960 4092 numero3
979 4036 1059 4093 etque
1070 4034 1109 4083 u·
1122 4033 1177 4085 bn
1187 4032 1250 4099 dm

184 4090 467 4155 allegationenintene
477 4099 679 4147 contorserunt.
1203 4142 1206 4149 .

254 4160 403 4211 ΜΙΝΙΙΙ.
438 4164 469 4224 x)
478 4164 566 4213 Eiuro.
576 4165 686 4225 capitul.
698 4166 796 4214 worm.
806 4181 828 4215 c.
838 4172 875 4229 6.;
893 4166 1055 4219 Benedibid.

229 4276 400 4339 e.va11.
447 4284 521 4355 136)
549 4283 761 4359 capitularem:
780 4286 855 4364 orig.

1279 3984 1289 4115 i
