2594 4898
180 345 309 415 aa·
459 325 977 409 anaincmcrarmuns,
1097 358 1109 371 ·

180 512 305 579 Pascha
333 518 366 576 et
390 510 617 589 Pentecosten,
649 530 759 573 omnes
784 507 897 573 fideles
928 507 968 572 ad
995 512 1248 575 communionem

180 598 320 697 corporis
338 621 369 677 et
386 615 547 697 sanguinis
564 610 697 675 Domini
713 612 865 674 accedere
882 609 1067 680 admoneatl

266 722 319 781 61.
363 716 400 780 Si
415 713 493 779 illud
511 717 605 784 etiam
622 715 807 790 admoneat,
830 712 941 792 quibus
959 712 1155 793 temporibus
1173 735 1247 778 con·

172 822 281 904 ¹ingati
301 840 336 881 se
354 817 513 881 abstinere
531 816 649 879 debent
666 838 685 877 a
701 817 835 895 propriis
851 813 1024 879 uxoribusl
1167 810 1170 815 ’

266 921 396 1004 blm).
434 919 478 995 Ut
496 916 600 981 nullus
619 916 752 983 clericus
771 918 810 979 ad
828 920 952 997 nuptias
968 915 1098 1000 porgatl

267 1027 319 1086 63.
364 1021 400 1085 Si
417 1022 456 1083 de
475 1018 702 1098 oblationibus,
721 1039 800 1098 quaa
818 1041 838 1081 a
854 1018 971 1099 populo
990 1020 1178 1098 offeruntur,
1196 1018 1246 1083 dio

65 1157 68 1164 ¹
182 1121 690 1199 (166161666166116666166116,
713 1119 844 1202 expleta
864 1123 978 1201 missa,
1000 1119 1145 1206 eulogias
1165 1120 1245 1203 plebi

182 1225 318 1295 tribuat?

267 1322 333 1402 64.
364 1327 442 1392 Si
416 1348 485 1399 sme
503 1324 586 1416 61616
602 1324 655 1393 661
674 1327 780 1399 orario
797 1328 830 1389 in
847 1327 961 1389 itinere
978 1291 1122 1403 16666611

267 1435 319 1493 65.
364 1428 400 1491 Si
416 1412 609 1509 postponens
623 1425 784 1490 clericalia
796 1429 987 1555 vestimenta
999 1414 1166 1502 laicalibus
1178 1430 1245 1490 nta-

181 1541 234 1607 tur
248 1514 458 1607 6666666661

182 1684 189 1695 ,
269 1638 321 1698 66
365 1631 401 1694 Si
418 1654 532 1712 aquam
549 1653 618 1695 cum
637 1633 712 1695 vino
729 1634 888 1696 misceat
879 1654 912 1696 ιιι
930 1629 1085 1696 sacrificio
1099 1629 1245 1696 Dominit

268 1738 321 1809 67.
366 1733 402 1804 si
420 1733 551 1814 expleta
572 1735 670 1796 missa
690 1733 846 1814 reliquum
867 1735 1010 1813 corporis
1032 1741 1065 1796 et
1086 1734 1246 1817 sanguinis

182 1835 315 1900 Domini
331 1837 398 1916 1666
415 1834 580 1916 presbyter
598 1855 669 1907 cnm
691 1837 805 1905 timore
824 1844 857 1900 61
873 1837 1054 1899 6666666116
1075 1842 1195 1913 sumat,
1217 1840 1247 1897 61

183 1941 212 2009 si
229 1934 393 2011 diaconum
412 1943 467 2000 aut
483 1937 709 2005 subdiaconum
727 1937 917 2018 nonhabet,
934 1939 1002 2017 1666
1016 1959 1112 2001 manu
1124 1938 1247 2017 propria

184 2041 316 2114 calicem
333 2047 366 2103 61
381 2047 530 2119 patenam
548 2037 658 2112 abluat
674 2047 767 2119 atque
785 2037 968 2124 abstergatl

269 2147 323 2208 68.
367 2141 402 2208 Si
421 2141 538 2227 absque
558 2140 703 2204 6166661
722 2164 792 2204 cum
808 2140 967 2220 11166166,
987 2141 1109 2224 qua21)
1128 2143 1162 2204 in
1176 2160 1246 2204 snos

183 2267 258 2310 usus
277 2244 416 2324 qnotidie
433 2245 544 2321 utitur,
563 2245 693 2306 missam
710 2251 839 2316 cantare
856 2240 1057 2324 66666666611

268 2351 321 2410 69.
366 2345 401 2414 Si
423 2346 463 2411 do
482 2346 611 2413 (16616616
629 2353 762 2425 quatuor
779 2343 859 2409 fiant
875 2341 1120 2424 6611166661

269 2452 321 2511 70.
366 2447 401 2510 Si
418 2469 487 2510 rem
504 2446 656 2510 ecclesiae
675 2454 731 2511 ant
747 2447 981 2526 possessionem
993 2452 1049 2508 661
1060 2447 1244 2527 mancipium

182 2552 337 2629 rendere,
357 2549 550 2642 commutare
569 2557 623 2623 661
640 2570 823 2630 quocunque
846 2550 973 2632 ingenio
996 2545 1138 2620 61166666
1159 2568 1244 2629 prac-

182 2651 351 2720 smnserit‘t

270 2757 321 2815 71.
366 2751 402 2814 Si
422 2753 506 2814 diem
529 2753 718 2821 dominicam
744 2761 777 2817 61
803 2752 884 2817 61166
910 2753 1067 2821 festivitat
1052 2758 1101 2821 166
1129 2751 1243 2832 absque

184 2875 280 2933 opere
298 2854 405 2916 servili
423 2877 443 2916 a
464 2875 598 2933 vespera
615 2857 648 2916 in
665 2875 832 2935 vesperam
854 2854 1018 2919 celebrare
1037 2853 1173 2917 docenti

186 3010 189 3015 .
271 2959 322 3027 72
365 2955 401 3025 Si
418 2955 545 3035 plebem
562 2957 746 3036 admoneat,
764 2960 849 3025 utin
867 2959 948 3027 atrio
967 2955 1242 3035 ecclesiaenequa·
1278 2898 1288 3043 1

184 3079 279 3136 quam
297 3064 425 3120 cantent
443 3065 497 3119 aut
514 3056 628 3120 choros
644 3056 904 3144 mulierculam)
924 3058 1055 3136 ducant,
1073 3058 1131 3120 sed
1150 3055 1242 3121 eccla

183 3161 265 3228 siam
280 3160 493 3243 ingredientes
510 3158 640 3221 verbum
652 3157 789 3227 Domini
807 3183 877 3232 cum
894 3160 1021 3232 silentio
1039 3155 1192 3231 audiant!

269 3265 321 3331 73.
367 3260 564 3329 sicamina
578 3259 749 3339 diabolica,
769 3284 848 3341 qnae
862 3284 954 3341 snper
967 3268 1111 3332 mortuos
1126 3266 1242 3324 666166

183 3364 233 3434 616
254 3362 342 3434 66616
364 3361 505 3448 ignobile
531 3362 644 3446 vulgus
670 3371 799 3434 6661666
817 3363 901 3427 66161
917 3370 951 3427 61
969 3361 1153 3441 cachinnos,
1172 3377 1241 3441 qnos

183 3473 346 3545 exercent,
365 3466 423 3529 snb
442 3467 672 3529 contestatione
689 3463 754 3528 Dei
772 3466 995 3545 omnipotentis
1012 3463 1200 3544 prohibenti

260 3571 321 3661 J4.
366 3567 402 3637 Si
419 3568 593 3639 offerentes
610 3569 761 3646 instruat,
783 3582 818 3629 ut
841 3566 1006 3636 candelam
1027 3563 1079 3628 vel
1102 3561 1242 3645 quidquid

184 3644 273 3729 aliud
283 3667 324 3729 ad
337 3665 438 3729 altare
451 3667 576 3729 deferre
589 3667 758 3753 placuerit,
777 3677 850 3733 ante
866 3670 995 3734 missam
1012 3665 1063 3730 661
1081 3674 1243 3749 antequam
1267 3648 1288 3827 ⁴

128 3748 141 3767 λ
183 3765 382 3850 evangelium
398 3758 557 3852 legatur,
556 3768 712 3843 6611666611

269 3871 325 3932 76.
367 3867 572 3934 Oblationem
603 3881 709 3934 antem
734 3894 829 3936 unam
860 3872 1087 3937 tantummodo
1110 3866 1288 3936 oblatam

183 3970 283 4056 ad²⁸)
292 3971 489 4035 offortorium
498 3993 554 4052 pro
563 3993 598 4037 66
607 3974 733 4053 suisque
744 3973 888 4038 omnibus
901 3975 1113 4054 unusquisque
1123 3974 1288 4045 offerat-,2

226 4146 302 4215 206)
329 4141 467 4203 desunt
459 4163 489 4200 m
510 4143 596 4203 Trev.
636 4149 689 4215 21)
729 4146 797 4205 Bal.
833 4152 893 4218 23)
914 4157 947 4206 ct
976 4142 1132 4226 offertor..¹
1163 4144 1244 4207 Trou.
1269 4092 1288 4213 ¹:

185 4246 286 4305 quom.
316 4246 415 4286 omncs
438 4226 531 4286 Codd.
569 4234 622 4299 22)
643 4228 692 4288 Sic
738 4231 823 4294 Goth.
859 4231 981 4309 Gualph.
1020 4230 1124 4291 Visun.
1269 4270 1288 4327 r

185 4311 1274 4429 66ι66666ι1ι1.666116666ι.·11111.,
