2594 4898
242 1182 676 1270 Paulinum
706 1183 1082 1272 romolus

126 1591 232 1704 Opus
253 1623 459 1704 superfluum,
483 1625 692 1709 Reginonc's
714 1625 809 1689 loros
831 1626 908 1689 duos
925 1627 966 1688 de
982 1631 1088 1689 causis
1104 1643 1194 1706 epao-

127 1725 251 1790 duliboc
281 1737 315 1790 et
341 1729 517 1811 decapillati
539 1727 804 1811 ecclesiasticis‘)
832 1728 991 1806 editurus,
1019 1728 1194 1807 suscepisse

128 1828 202 1890 mibi
229 1850 293 1890 uon
319 1830 444 1904 videon
473 1831 542 1910 quis
565 1836 614 1893 est
635 1832 735 1908 enim,
765 1831 815 1908 qui
837 1832 1063 1909 praestantiam
1084 1848 1196 1891 eorum

131 1939 220 2010 atque
248 1935 471 1995 auctoritatem
499 1939 690 2012 compertam
716 1953 780 1994 non
807 1930 923 1994 babeat
944 1938 977 1994 et
1007 1929 1195 2009 comproba·

132 2035 204 2094 tam!
224 2030 358 2095 Prorsus
376 2034 454 2111 fere,
472 2055 630 2113 perpauca
647 2041 768 2097 tantum
786 2036 813 2096 si
828 2035 993 2113 exceperis
1006 2033 1195 2115 fragmenta,

135 2135 376 2198 incontaminata
393 2134 699 2213 Pseudoisidoriauis
716 2136 874 2199 mercibus
893 2136 993 2217 (quod
1013 2140 1119 2197 autem
1138 2136 1196 2196 mi·

135 2256 186 2298 uus
207 2236 398 2316 improbanti
418 2234 592 2320 Regioouis
614 2238 746 2317 iudicio,
769 2259 861 2316 quam
878 2238 975 2316 ipsius
999 2243 1195 2320 argumento,

140 2340 332 2416 aprincipiis
358 2337 597 2401 Pseudoisidori
627 2341 808 2418 impostoris
840 2338 960 2415 alieno,
996 2337 1197 2401 tribuendum

140 2458 200 2500 csse
217 2440 369 2522 videtur),
393 2439 540 2503 collectio
563 2446 673 2503 nostra
689 2462 797 2503 veram
815 2446 909 2519 atque
927 2441 1083 2502 sinceram
1102 2438 1195 2500 disci·

140 2538 282 2617 plinarum
304 2549 337 2604 et
359 2542 637 2621 consuetudinum,
661 2540 770 2622 quales
794 2540 855 2604 illis
876 2540 1029 2624 vigebant
1047 2540 1195 2619 tempori·

141 2640 199 2721 bus,
218 2643 384 2706 adumbrat
398 2646 580 2724 imaginem,
594 2646 798 2723 inprimisque
813 2642 853 2705 de
865 2645 990 2706 ratione
1004 2640 1198 2722 procedendi

92 2828 96 2835 Ι
142 2743 166 2805 in
182 2747 281 2807 causis
304 2744 512 2826 synodalibus
531 2747 575 2807 ita
598 2766 656 2807 uos
674 2746 816 2823 iustruit,
840 2752 875 2808 ut
891 2744 942 2808 vel
960 2741 1056 2807 hodie
1074 2745 1196 2824 praeci·

88 2856 91 2861 '
142 2865 223 2923 puum
243 2846 497 2927 uberrimumque
519 2847 611 2910 uobis
632 2847 785 2928 praebeat
805 2845 925 2910 fontem
943 2846 983 2908 ad
1002 2867 1197 2930 cognoscen-

88 2932 101 3059 3'
142 2946 204 3010 dam
219 2950 252 3011 in
270 2926 373 3012 rebus
384 2947 607 3012 ecclesiasticis
624 2951 740 3028 praxin
759 2954 791 3012 et
804 2969 896 3011 usum
910 2948 1080 3011 forensem.
1104 2943 1196 3021 Quae

142 3051 253 3127 quidem
272 3053 376 3130 operis
395 3054 567 3114 auctoritas
585 3051 657 3113 inde
676 3054 772 3114 etiam
790 3061 937 3136 augetur,
962 3050 1044 3130 quod
1065 3048 1197 3112 ubicun-

141 3171 189 3229 que
211 3156 348 3216 auctoris
371 3155 403 3215 in
423 3153 610 3216 adhibendis
629 3160 722 3233 atque
742 3153 950 3233 excerpendis
972 3152 1113 3215 fontibus
1131 3148 1198 3212 elu-

88 3238 95 3349 l
141 3256 226 3317 ccscit
252 3252 348 3334 fides,
382 3277 456 3318 cura
487 3263 519 3318 et
550 3254 724 3339 diligentia.
785 3255 830 3318 At
859 3263 985 3334 contra,
1021 3250 1200 3316 Burcbardi

139 3350 374 3420 Wormatieusis
396 3354 538 3421 Decreta
554 3359 581 3420 si
599 3359 793 3436 inspexeris,
812 3355 899 3419 nulla
916 3355 961 3419 ibi
978 3353 1070 3417 fides.
1106 3348 1198 3434 Quae

137 3458 263 3536 incuria,
287 3466 364 3539 quot
386 3457 652 3537 adulterationes,
679 3465 756 3538 quot
782 3457 967 3520 arbitrariae
992 3455 1199 3534 permutatio·

88 3568 97 3699 b
136 3579 201 3637 nes,
231 3572 347 3639 quanta
374 3560 507 3640 denique
535 3560 635 3624 moles
658 3557 861 3624 decretalium
885 3578 925 3620 ex
952 3557 1075 3620 famosa
1101 3554 1199 3619 Pseu·
1235 3638 1239 3642 Ι

136 3661 282 3725 doisidori
304 3660 432 3726 officina
453 3663 679 3744 profectamm!
707 3661 793 3726 Hinc
820 3669 925 3725 autem
948 3658 1011 3722 alia
1034 3665 1200 3740 praeterea

134 3766 234 3842 prodit
261 3786 371 3844 causa,
399 3787 455 3828 cur
476 3764 648 3850 Reginonis
675 3785 753 3846 opus
776 3765 854 3827 iuris
878 3763 1022 3827 canonici
1049 3760 1199 3825 studiosis

133 3869 268 3930 maxime
287 3869 328 3930 sit
346 3869 569 3931 necessarium.
607 3865 767 3930 Innumeri
784 3864 848 3944 illi,
870 3865 980 3945 quibus
998 3870 1100 3927 scatet
1118 3860 1199 3926 Bur·

194 4107 224 4191 l)
243 4127 320 4173 lianc
334 4141 392 4174 esre
406 4141 494 4174 verum
509 4128 595 4187 operis
609 4130 636 4175 et
648 4128 788 4188 genuinum
798 4126 915 4185 titulum,
934 4138 968 4171 ex
979 4124 1140 4183 praefatione
1149 4123 1201 4168 lie-

132 4194 231 4254 ginonis
248 4195 282 4242 ad
292 4196 447 4243 ilattbonem
460 4197 684 4256 archiepiscopum
698 4195 878 4256 moguntinum
894 4196 1018 4253 apparet2
1034 4204 1110 4250 quam
1128 4188 1200 4236 solur

132 4265 234 4312 exhibet
244 4264 307 4311 cod.
317 4266 393 4314 Trev.
427 4267 455 4311 ln
465 4265 572 4322 reliquis
581 4264 658 4312 codd.
668 4267 694 4312 et
703 4278 744 4326 ap.
754 4264 808 4312 ad.
823 4263 861 4312 ric
874 4262 982 4323 legitur:
1004 4260 1045 4307 Ds
1059 4257 1201 4319 disciplinis

132 4334 219 4383 eccles.
229 4339 258 4380 et
266 4332 391 4394 religione
401 4331 565 4382 Christiano.
