2594 4898
525 358 607 436 Cap.
628 357 665 418 V.
1017 394 1027 409 ν
1065 362 1131 423 915

317 523 372 589 De
389 527 573 608 sanguine
591 532 628 588 et
645 528 872 591 morticinis.

144 652 198 714 46.
243 645 519 728 luterrognndum,
537 646 564 707 si
578 643 689 724 aliquis
707 649 910 733 sanguinem,
929 650 1129 713 morticinum

57 758 114 815 aut
133 749 341 813 dilaceratum
358 770 377 810 a
396 747 505 810 bestiis
524 746 686 810 comedatl
763 814 776 831 ἡ

147 855 200 914 47.
245 851 281 913 δί
308 848 419 929 aliquis
445 871 501 928 per
526 849 633 912 odium
659 850 701 911 ad
721 870 832 930 pacem
859 872 923 914 non
949 855 1128 931 revertitur,

59 963 115 1018 aut
132 955 264 1031 iuravit,
292 953 376 1031 qnod
394 949 466 1014 Deo
489 954 681 1014 contrarium
702 961 764 1031 est,
792 962 828 1015 ut
853 953 944 1016 fratri
972 976 1130 1034 nunquam

57 1054 299 1133 reconcilietur,
319 1055 404 1134 quod
422 1062 471 1119 est
487 1064 652 1133 peccatum
669 1076 767 1133 usque
786 1057 826 1118 ad
843 1055 996 1119 morteml
1099 1106 1102 1111 .

145 1163 199 1220 48.
243 1156 279 1218 Si
304 1156 415 1236 aliquis
442 1155 523 1218 bibit
550 1157 589 1218 de
615 1155 752 1235 liquore,
780 1159 812 1219 in
840 1180 901 1237 quo
924 1158 1059 1222 mustela
1078 1158 1129 1221 vel

58 1283 129 1323 mus
147 1262 216 1322 sive
233 1257 361 1337 aliquod
378 1258 568 1320 immundum
588 1258 706 1321 animal
724 1267 868 1322 necatum
887 1258 954 1322 esti

144 1367 199 1424 49.
244 1359 280 1422 δί
298 1359 411 1439 aliquis
428 1362 578 1422 ieiunium
597 1360 868 1444 quadragesimale
887 1383 950 1424 non
968 1361 1129 1440 observat,

60 1461 110 1525 vel
130 1472 265 1542 quatuor
281 1471 472 1543 temporum,
491 1465 558 1525 sive
576 1460 719 1525 litaniam
738 1466 949 1547 maioremfl)
967 1462 1018 1526 vel
1035 1485 1129 1547 roga·

60 1568 197 1642 tionum,
224 1567 292 1626 sive
317 1564 468 1626 indictum
491 1564 531 1626 ab
554 1567 701 1645 episcopo
728 1567 880 1628 ieiunium
905 1588 963 1645 pro
991 1587 1129 1645 quacun·

62 1689 122 1746 que
140 1665 252 1750 plaga!

21 1818 27 1822 .
147 1773 200 1831 50.
246 1768 280 1831 Si
303 1767 414 1847 aliquis
433 1777 497 1849 est,
516 1770 666 1849 quibibit
688 1779 741 1834 aut
764 1771 933 1834 manducat
950 1780 1005 1835 aut
1021 1778 1129 1850 portat

60 1893 154 1951 super
172 1893 223 1950 se,
242 1871 326 1952 quod
344 1874 507 1949 existimat
523 1871 585 1934 Dei
603 1873 752 1935 iudicium
770 1881 952 1952 pervertere
970 1872 1082 1953 posset

151 1978 190 2036 51
202 1970 243 2057 ¹¹).
287 1972 323 2036 Si
355 1976 421 2053 quis
453 1976 486 2036 in
512 1973 586 2038 Kal.
616 1974 755 2038 Ianuarii
782 1973 898 2054 aliquid
925 1976 1017 2054 lacit,
1045 1977 1130 2055 quod

62 2098 81 2138 a
96 2078 231 2160 paganis
248 2079 412 2139 inventum
430 2082 490 2154 est,
509 2085 542 2139 et
559 2077 626 2139 dies
645 2076 794 2139 observat
812 2085 845 2139 et
856 2075 975 2154 lunam,
995 2084 1028 2140 et
1040 2098 1130 2142 men·

61 2200 127 2256 ses,
157 2186 191 2241 et
216 2176 327 2240 borum
358 2179 506 2242 effectiva
532 2182 676 2259 potentia
698 2177 815 2257 aliquid
839 2187 945 2258 sperat
964 2180 998 2240 in
1016 2178 1129 2242 melius

62 2282 166 2343 autin
183 2280 324 2342 deterius
343 2279 441 2343 vestii

147 2387 200 2445 52.
245 2381 280 2444 Si
307 2380 418 2461 aliquis
444 2384 652 2463 quodcunque
679 2404 757 2463 opus
789 2381 943 2445 inchoans
971 2380 1057 2445 aliud
1084 2381 1129 2444 ibi

62 2482 181 2564 aliquid
200 2485 290 2563 dicit,
317 2493 372 2548 aut
389 2507 573 2565 quacunque
594 2487 717 2569 magica
740 2492 808 2547 arte
832 2483 918 2547 aliud
936 2485 1029 2562 facit,
1056 2485 1129 2562 nisi,

61 2596 97 2650 nt
122 2583 294 2666 Apostolus
322 2588 431 2666 docet,
464 2591 571 2650 omnia
596 2591 629 2650 in
661 2590 789 2649 nomine
813 2584 945 2649 Domini
972 2586 1128 2650 iacienda.

61 2687 176 2768 Neque
202 2691 288 2751 enim
306 2689 485 2753 ‘daemones
503 2693 535 2752 in
555 2698 663 2753 nostro
687 2690 843 2752 adiutorio
866 2689 1016 2752 debemus
1039 2691 1129 2751 invo-

10 2822 12 2831 ·
63 2815 151 2871 care,
170 2792 228 2854 sed
244 2789 360 2856 Deum.
404 2790 441 2856 ln
464 2791 652 2855 collectione
674 2791 820 2855 similiter
841 2791 1010 2855 herbarum
1031 2791 1130 2855 medi·

10 2878 16 2937 l
63 2894 212 2959 ciualium
238 2894 418 2976 symbolum
441 2901 473 2957 et
492 2897 671 2959 orationem
694 2896 884 2958 dominicam
907 2895 1012 2958 dicere
1035 2915 1130 2973 opor·

62 3005 123 3078 tet,
142 3005 176 3061 et
193 2995 271 3059 nibil
288 2995 384 3060 aliud.
857 3010 861 3017 '

10 3104 24 3141 -'
129 3102 201 3167 ,53·
247 3095 468 3173 Quaerendum
492 3102 604 3178 etiam,
631 3102 659 3162 si
680 3092 829 3163 mulieres
851 3105 882 3163 in
901 3097 1048 3163 lanificiis
1066 3102 1130 3161 suis

10 3208 25 3244 ’-
64 3202 114 3266 vel
132 3205 166 3266 iu
185 3199 406 3284 ordiendis²²)
424 3201 497 3264 telis
516 3201 632 3282 aliquid
651 3202 757 3264 dicant
774 3209 828 3264 aut
846 3201 1042 3286 observent,
1058 3203 1130 3279 uisi,

10 3310 21 3345 '-
64 3312 210 3384 utsupra
228 3303 344 3366 dictum
363 3311 428 3382 est,
448 3306 554 3367 omnia
571 3308 604 3367 in
624 3306 749 3366 nomine
772 3301 912 3365 Domini.

150 3410 202 3468 54.
247 3402 283 3467 Si
310 3406 387 3484 quis>
404 3405 598 3485 oblationes,
621 3406 655 3466 id
672 3411 736 3482 est,
764 3403 1000 3484 eleemosynam
1017 3423 1131 3483 paren·

66 3516 130 3572 tum
148 3507 370 3571 defunctorum
386 3510 501 3572 iniuste
518 3506 653 3571 retincti

10 3608 33 3653 f·
149 3614 202 3673 55.
248 3607 284 3671 Si
301 3609 413 3690 aliquis
432 3631 526 3690 super
542 3617 701 3673 mortuum
715 3609 876 3671 nocturnis
890 3606 977 3670 boris
991 3608 1146 3670 carmina'

17 3714 25 3735 ²
67 3711 222 3776 diabolica
248 3719 367 3790 cantat,
395 3720 428 3776 et
450 3712 530 3776 bibit
556 3719 590 3775 et
614 3713 796 3789 manducat,
823 3717 857 3773 et
883 3713 971 3791 qnasi
998 3711 1037 3772 de
1064 3712 1132 3793 ejus

21 3815 37 3853 '⁸
67 3822 167 3878 morte
184 3812 378 3898 gratulatur,
397 3822 431 3877 et
447 3817 475 3877 si
490 3813 565 3878 alibi
579 3816 695 3877 mortui
712 3817 744 3876 iu
762 3810 879 3896 vigiliis
891 3815 1052 3877 nocturnis
1072 3814 1132 3876 nisi

67 3918 95 3980 in
113 3915 249 3981 ecclesia
265 3915 502 3980 custodiunturl

130 4127 156 4185 §-
176 4128 217 4174 51.
251 4124 282 4187 k)
302 4124 833 4187 cl.Burch.X.1'l:ExOoncAEotomag.
887 4112 889 4116 ¹

105 4245 132 4322 ἓ.
156 4247 210 4307 49.
242 4243 298 4322 21)
320 4248 459 4306 Lz'tanr‘ae
485 4248 577 4306 maio·
664 4236 1131 4323 §.aaamardeaandufflelnst.

68 4331 122 4388 ui.-
142 4328 251 4389 Vicnu.
271 4329 376 4390 Burcb.
