2594 4898
190 344 263 409 458
433 338 598 403 REGINO
621 337 753 402 LIBER
774 338 1026 401 SECUNDUS.

190 512 258 591 lX,
276 509 479 575 constitutum
497 518 547 574 est
567 513 599 574 in
617 507 876 574 Franconofurtb‘
888 530 910 573 a
924 529 1010 595 rege
1032 506 1254 594 gloriosissimo

192 613 328 693 ottone,
351 633 435 677 enno
456 610 542 676 iltius
564 609 649 691 XV,
671 610 940 677 consentientibus
962 613 1143 693 episcopis,
1168 615 1255 676 corni·

84 763 86 768 -
191 716 275 780 tibus
296 714 428 794 aliisque
448 712 596 778 fidelibus
617 712 844 794 compluribus,
877 736 1037 779 canonem
1063 722 1257 779 sanctorm!-

191 839 252 898 qne
273 824 398 897 patrum
420 814 625 895 enmoritete,
646 837 706 880 nec
728 836 792 878 non
818 814 1044 907 capitularium
1065 818 1255 897 praeceden-

190 922 268 984 tium
294 939 403 1004 regum
423 919 573 982 institutis
591 938 699 981 cerem
717 919 843 998 positis,
862 939 902 980 ne
919 920 1090 997 oppressio
1108 921 1256 1003 virgine·

190 1030 246 1085 ent
261 1021 426 1084 viduarum
445 1017 498 1082 rel
514 1026 624 1099 reptes
641 1020 682 1084 ab
699 1018 773 1082 altis
791 1018 968 1083 bominibus
986 1017 1064 1099 fiet,
1090 1028 1127 1085 et
1142 1030 1192 1102 nt5
1211 1022 1257 1102 qni

189 1118 317 1203 rapiunt
343 1143 397 1186 ees
423 1121 481 1184 snb
507 1123 633 1185 nomine
659 1120 754 1184 simul
780 1120 968 1201 babitandi.
987 1128 1206 1201 cooperantes
1228 1128 1257 1187 et

191 1226 396 1289 conniventes
417 1223 612 1303 raptoribus,
635 1225 664 1287 si
687 1224 814 1303 quidem
835 1221 942 1287 cleriei
959 1231 1050 1303 sunt,
1075 1224 1257 1289 decidente

190 1325 291 1411 gredo
306 1312 450 1407 propri03
469 1327 497 1388 si
515 1346 589 1388 vero
608 1323 699 1405 laici.
721 1324 1047 1404 anathematizentur,
1069 1333 1107 1390 et
1122 1333 1257 1407 raptores

190 1430 260 1492 sine
281 1449 336 1508 spe
354 1428 491 1511 coniugii
508 1435 658 1508 perpetuo
672 1432 722 1507 52)
744 1436 905 1491 maneant.
949 1424 1076 1503 Quodsi
1095 1434 1170 1510 post
1185 1427 1257 1493 mee

189 1513 322 1616 iungere
339 1551 374 1594 se
390 1531 652 1610 praesumserint,
670 1530 795 1612 utrique
813 1528 1136 1595 anathematizentur.

73 1753 182 1802 ntea.
444 1733 481 1799 C.
499 1732 632 1799 XXVI.
683 1734 774 1806 Unde
790 1684 924 1819 crepam)
940 1737 1004 1821 ⁵²).

274 1869 443 1934 Inventum
456 1875 505 1948 ⁵⁴)
530 1878 578 1934 est
600 1872 697 1935 ettam
723 1869 894 1957 coram5'5)
926 1872 1074 1952 praefato
1108 1895 1202 1959 rege,
1223 1880 1254 1938 nt
1288 1936 1291 1961 ¹

190 1970 278 2036 nulla
299 1971 443 2051 abbatia,
467 1994 546 2053 qnae
568 1994 624 2053 per
644 1995 681 2045 se
698 1971 886 2038 electionem
904 1973 1017 2053 babet,
1039 1975 1085 2038 ad
1103 1982 1253 2041 mamete-
1289 1976 1291 1983 '

189 2077 270 2139 rium
288 2097 347 2139 nec
365 2073 459 2138 elicui
474 2076 507 2138 in
524 2076 683 2156 proprium
700 2077 801 2155 possit
817 2075 942 2140 donari.
969 2074 1049 2147 litae
1070 2096 1167 2159 vero,
1184 2098 1252 2159 qme

190 2175 346 2241 electione
380 2184 504 2256 carent,
534 2178 619 2267 regis
651 2179 821 2242 donatione
848 2187 882 2241 et
906 2178 1075 2264 privilegio
1111 2180 1153 2245 ad
1179 2179 1252 2245 alind

189 2281 431 2359 monasterinm,
455 2279 538 2359 quod
558 2278 616 2349 sub
639 2279 707 2342 eins
727 2280 948 2351 mimdibnrdio
970 2285 1140 2365 consistit,
1157 2304 1252 2348 surre-

189 2383 258 2465 gari
274 2385 407 2462 possint.
891 2398 895 2403 '
1007 2406 1033 2415 ··
1086 2393 1089 2397 '

70 2607 99 2652 n.
110 2606 128 2651 1.
140 2607 181 2653 es.
379 2587 416 2652 C.
437 2588 586 2653 XXVII.
630 2587 685 2653 De
700 2594 876 2655 minetterto
896 2588 1072 2674 ssew).

274 2722 315 2789 Se·
324 2724 365 2811 †)
384 2731 453 2811 quir
470 2725 549 2789 mibi
566 2731 743 2804 ministrat,
767 2746 815 2790 me
835 2736 997 2812 aequatam.
1044 2723 1122 2802 Quo
1145 2728 1251 2807 fracte,

190 2844 250 2903 qua
276 2826 437 2904 mercede,
465 2849 525 2907 qno
551 2826 709 2906 praemiet
735 2825 784 2893 Et
808 2831 865 2892 oti
877 2813 968 2908 'aaran
992 2831 1115 2910 inquit,
1136 2833 1206 2897 nne
1223 2836 1253 2895 et

188 2932 333 2988 minister
349 2934 530 2991 meuserit.
576 2927 683 2993 Gratis
707 2939 829 2994 ametur
851 2940 884 2995 et
897 2932 946 3015 ⁵⁶)
968 2933 1094 3012 operis,
1118 2952 1181 3013 quo
1201 2932 1252 2997 ni·
1282 2938 1288 3039 Ι

189 3027 339 3090 nistratur
364 3025 427 3107 illi,
453 3031 587 3109 pretinm
614 3033 656 3094 sit
681 3053 752 3095 esse
775 3055 844 3095 cum
867 3031 933 3095 illo.
977 3031 1044 3097 Ubi
1069 3036 1157 3099 enim
1179 3034 1252 3099 benc

189 3129 249 3191 erit
266 3130 334 3192 sine
350 3129 424 3212 illo²
449 3138 504 3194 aut
521 3133 646 3211 qnando
663 3133 746 3196 male
767 3135 886 3213 poterit
903 3154 972 3197 cum
991 3133 1070 3198 itlot
1092 3135 1179 3200 Audi
1195 3136 1252 3200 eri·

187 3230 327 3296 dentius:
346 3230 386 3298 St
401 3241 470 3320 quir
486 3234 565 3298 mite·
579 3242 820 3314 minettrncere't,
838 3235 1064 3315 honorificabit
1082 3258 1154 3303 eun
1162 3248 1251 3323 parer

187 3352 281 3397 meuc.
327 3329 400 3419 Quo
423 3335 559 3414 bonore,
582 3338 643 3400 nisi
665 3343 700 3400 ut
720 3339 762 3401 sit
787 3359 856 3401 cnm
877 3335 945 3399 filio
968 3338 1056 3401 eiust
1094 3339 1189 3416 Quot
1205 3338 1249 3422 Η)

187 3437 270 3498 enim
292 3439 417 3516 saepius
440 3440 497 3503 ait:
522 3437 586 3510 Ubi
605 3460 664 3524 ego
686 3461 768 3520 ram,
791 3439 838 3512 tbi
857 3450 891 3504 et
912 3448 1059 3506 mintiter
1077 3464 1166 3508 mas
1182 3448 1248 3517 erit,

186 3580 399 3595 ——n

256 3680 282 3723 C.
300 3678 395 3728 XXVI.
415 3680 442 3741 e)
460 3681 502 3728 Ex
512 3681 568 3730 eod.
578 3684 720 3730 conventu.
729 3709 764 3718 —
772 3682 829 3732 Vid.
838 3682 926 3741 Perta,
937 3683 955 3731 l.
963 3683 982 3730 t.

222 3746 404 3873 63ξ.)ΧΧῊΙ.
439 3749 466 3810 e)
484 3751 621 3809 Augustin.
640 3753 744 3801 tractet.
765 3753 806 3797 51.
826 3751 851 3801 in
870 3751 975 3798 tobenn.
995 3745 1053 3815 (ed.
1069 3754 1155 3802 Maur.
1169 3755 1199 3802 Τ.
1212 3753 1246 3799 ΙΙΙ.

186 3825 211 3871 Ρ·
272 3845 278 3859 ·
293 3848 300 3867 0

312 3927 342 3983 †)
355 3927 406 3971 lot.
421 3941 440 3971 c.
455 3933 488 3973 12
502 3942 523 3973 v.
537 3934 570 3974 26.

229 4033 261 4090 C.
280 4031 373 4091 XXV.
396 4040 448 4102 52)
470 4033 552 4095 deest
575 4038 636 4097 Bat.
738 4041 793 4118 55)
813 4040 895 4100 deest
913 4040 982 4100 ibid.
1283 3992 1290 4085 Ι

229 4117 376 4176 cxxvi.
396 4125 448 4188 53)
462 4120 691 4199 HoccaputBat.
781 4129 813 4186 C.
833 4127 953 4187 xxvlt.
972 4132 1026 4202 56)
1042 4138 1094 4190 ut:
1112 4128 1177 4191 Bet.
1198 4132 1243 4199 ⁵7)
1284 4134 1291 4229 Ι

185 4221 248 4259 cnm
267 4202 450 4265 antecedenti
473 4206 502 4262 in
521 4226 604 4265 annm
624 4229 694 4267 con·
738 4215 826 4290 quid:
845 4210 913 4272 ibid.

184 4289 280 4346 traxit.
335 4296 387 4364 54)
424 4292 595 4354 Nuendnme
630 4293 691 4354 Bat.
1271 4282 1291 4705 1
