2594 4898
187 364 258 427 262
430 359 594 420 uncino
616 358 748 419 LIBER
771 357 1013 418 SECUNDUS.

187 533 260 612 quia
284 533 433 593 iniustum
460 536 524 606 est,
550 526 634 590 filios
660 549 680 590 a
705 527 905 607 parentibus,
931 534 1052 595 uxo'res
1080 548 1101 588 a
1122 529 1248 606 maritis,

188 632 321 703 eumad
346 651 558 710 quemcunque
579 632 740 709 possessio
765 631 959 708 pervenerit,
986 631 1200 707 sequestrari,
1221 637 1250 691 ut

186 736 359 813 mancipia,
379 755 458 813 quae
475 733 634 812 permixta
650 731 784 808 fuerint,
802 731 834 792 id
853 737 917 809 est,
935 751 1021 799 uxor
1039 752 1112 794 cnm
1132 729 1208 793 filiis
1224 739 1251 792 et

187 837 300 898 niarito
319 857 392 913 suo,
412 835 493 896 datis
511 835 653 910 vicariis,
677 834 718 894 ad
737 854 831 894 unum
850 832 989 894 debeant
1004 834 1187 911 pertinere,
1209 834 1251 895 cui

186 959 317 1000 necesse
335 937 431 998 fuerit
449 943 657 1012 commutare,
676 934 759 1012 quod
777 932 954 996 sollicitudo
969 934 1189 998 ordinantium
1207 935 1250 996 de-

186 1038 242 1101 bet
269 1036 448 1119 specialiter
473 1037 646 1114 custodire,
677 1043 713 1098 ut
742 1038 901 1115 separatio
932 1033 1003 1097 fieri
1035 1039 1169 1100 omnino
1197 1057 1250 1098 non

185 1142 295 1228 possit.
340 1136 415 1223 ldh)
440 1140 534 1202 etiam
557 1141 591 1200 in
608 1137 790 1201 venditione
809 1136 858 1200 vel
877 1140 1037 1217 emptione
1056 1139 1185 1201 videtur
1201 1139 1250 1200 ob-

186 1243 306 1310 servari
325 1241 453 1320 debere,
470 1248 517 1320 ut,
536 1239 661 1320 quando
680 1241 746 1320 quis
763 1242 909 1303 maritum
929 1242 1056 1318 emerit,
1072 1249 1163 1304 emat
1179 1242 1250 1324 pari·

185 1350 286 1406 teret
304 1344 485 1426 coniugem,
509 1344 570 1405 nisi
592 1343 675 1405 forte
694 1341 823 1404 alterius
842 1341 958 1405 ancilla
975 1342 1082 1405 fuerit.
1128 1341 1201 1405 Hac
1218 1343 1250 1404 de

184 1467 220 1508 re
237 1442 293 1508 lex
307 1445 414 1523 iubet,
434 1453 528 1525 atque
546 1445 720 1520 interdicit,
744 1452 779 1516 ut
797 1442 899 1507 nullus
917 1465 1042 1522 servus,
1062 1465 1168 1524 neque
1186 1465 1249 1523 pro-

183 1548 270 1626 prius
288 1569 389 1626 neque
408 1546 638 1609 ecclesiasticus
657 1568 757 1625 neque
775 1546 815 1608 de
831 1544 925 1624 fisco,
950 1544 1098 1609 ancillam
1119 1546 1250 1609 alienam

184 1649 218 1709 iu
238 1650 416 1730 coniugium
435 1648 536 1722 ducat,
556 1647 702 1712 similiter
719 1647 835 1713 ancilla
852 1647 981 1711 alterius
996 1669 1126 1711 servum
1141 1671 1248 1728 nequa·

186 1770 278 1836 quam
292 1752 439 1829 accipian
459 1750 539 1836 quod
554 1752 581 1812 si
593 1750 716 1831 fecerit,
734 1751 855 1812 irritum
869 1749 1023 1817 habeatur
1036 1749 1248 1817 huiuscemodi

68 1924 71 1928 Δ
186 1852 366 1936 coniugium
383 1858 416 1914 et
432 1873 490 1932 pro
510 1849 666 1916 adulterio
685 1852 862 1938 deputetur.
896 1896 899 1900 -

127 2104 221 2174 1240.
242 2106 398 2181 CXXIII.
430 2108 619 2176 Simorum
637 2120 727 2176 certa
745 2118 937 2177 necessitate
952 2114 1139 2197 impellente
1156 2110 1246 2179 extro

565 2214 714 2277 ducatum
723 2215 870 2298 fugerit.

440 2368 497 2430 Ex
517 2365 691 2430 Concilio
713 2368 811 2432 unde
834 2363 993 2452 supral).

269 2502 305 2565 Si
327 2505 395 2583 quis
418 2505 610 2581 necessitate
631 2502 809 2567 inevitabili
830 2511 964 2586 cogente
987 2506 1020 2567 in
1044 2505 1144 2570 alium
1162 2508 1246 2570 duca·

182 2611 249 2673 ¹tum
267 2607 335 2667 sive
352 2607 547 2684 provinciam
564 2606 697 2689 fugerit,
717 2617 771 2667 aut
789 2608 943 2669 seniorem
961 2628 1067 2686 suum,
1088 2611 1140 2671 cui
1157 2607 1246 2671 fidem

91 2690 96 2701 ¹
183 2714 216 2768 et
231 2703 421 2769 fidelitatem
437 2710 707 2791 promissam²⁶⁷)
730 2709 858 2770 mentiri
884 2730 948 2771 non
976 2717 1097 2790 potest,
1126 2721 1247 2775 secutus

181 2806 292 2880 fuerit,
319 2816 351 2870 et
368 2830 451 2871 uxor
469 2811 553 2888 eius,
577 2832 646 2872 cum
663 2808 752 2875 valet
770 2817 801 2872 et
819 2817 938 2891 potest,
958 2833 1067 2874 amore
1085 2822 1246 2892 parentum

183 2914 239 2970 aut
254 2931 362 2971 rerum
379 2932 506 2974 suarum
518 2915 590 2997 ²⁶⁸)
610 2934 681 2974 eum
699 2914 789 2992 sequi
807 2911 959 2992 noluerit,
977 2915 1048 2992 ipsa
1065 2918 1155 2979 omni
1173 2923 1247 2979 tem·

181 3031 272 3088 pore,
297 3015 443 3089 quamdiu
461 3016 509 3075 vir
527 3016 609 3092 eius,
635 3036 727 3093 quem
745 3023 854 3101 secuta
873 3015 1028 3094 nonfuit,
1052 3019 1149 3097 vivit,
1168 3039 1245 3081 sem·

180 3133 237 3190 per
262 3115 392 3194 innupta
422 3125 616 3194 permaneat.
669 3114 728 3178 llle
756 3138 833 3178 vero
851 3120 940 3201 ²⁶⁹),
974 3121 1027 3196 qui
1058 3123 1246 3184 necessitate

182 3223 316 3298 cogente
343 3219 376 3280 in
404 3217 467 3280 alia
492 3221 595 3298 patria
622 3220 830 3302 manet210),
858 3221 886 3281 si
914 3241 1073 3298 nunquam
1100 3223 1134 3283 in
1163 3214 1247 3285 suani

179 3321 315 3405 patriam
332 3341 366 3382 se
384 3342 584 3390 reversurum
602 3328 724 3401 sperat,
752 3324 780 3384 si
806 3343 842 3384 se
865 3323 1028 3390 continere
1051 3345 1116 3384 non
1134 3331 1245 3404 potest,

181 3418 275 3484 aliam
294 3444 430 3486 uxorem
448 3424 596 3502 accipiat,
615 3431 722 3493 tamen
741 3445 812 3486 cum
830 3426 1026 3503 poenitentia
1039 3427 1127 3511 ²⁷¹).

212 3696 280 3777 mh)
305 3698 377 3750 Quae
404 3701 564 3759 sequuntur,
597 3701 690 3746 desunt
716 3700 741 3745 in
770 3702 830 3747 cod.
853 3701 913 3761 Tu,
941 3704 1019 3760 utque
1046 3701 1165 3750 incertae
1192 3707 1244 3750 runt

180 3778 295 3822 originis.

248 3851 275 3896 C.
292 3850 406 3898 cxnm.
441 3851 470 3909 h)
489 3851 586 3898 Concil.
606 3853 672 3911 apud
687 3855 800 3900 Vermer.
820 3854 877 3901 hab.
892 3868 951 3902 airu.
967 3855 1024 3900 753.
1041 3869 1062 3902 c.
1073 3856 1097 3903 9.
1109 3880 1144 3892 —-
1158 3856 1243 3902 Burei.

178 3917 277 4046 l4X.({4)
285 3917 352 3977 (R),
363 3917 438 3964 Decr.
448 3920 512 3967 Vlll.
524 3923 581 3968 189.
592 3919 658 3985 (B.)‚
669 3922 730 3968 Pan,
740 3924 782 3968 Vl.
793 3924 833 3969 91.
845 3919 911 3985 (11),
923 3937 945 3968 c.
955 3924 1075 3971 XXXIV.
1087 3938 1112 3982 q.
1123 3927 1146 3972 1.
1157 3928 1184 3971 et
1194 3927 1215 3970 2.
1225 3937 1242 3968 c.
1278 3946 1287 4235 Ι

223 4136 393 4213 (1.οΧΧΙΙΙ.
405 4142 478 4209 267)
487 4139 687 4217 etfid.prom.:
734 4146 852 4215 270)ιή
872 4145 961 4202 alium
977 4145 1071 4203 locum
1080 4143 1189 4222 sugit.-
1208 4144 1242 4201 ib.

179 4219 240 4280 des.
261 4223 289 4280 in
309 4224 383 4300 orig.
412 4228 486 4291 268)
507 4226 595 4284 rebus
611 4229 686 4285 suri:
734 4233 808 4300 271)
830 4229 870 4287 ol.
889 4248 976 4287 uror.
996 4249 1060 4288 eum
1073 4250 1166 4308 poen.
1178 4238 1242 4308 pot·

179 4306 216 4369 ib.
245 4312 318 4382 269)
334 4310 410 4368 Num
425 4312 477 4369 ille
491 4313 537 4368 ozi¹
551 4313 631 4371 eius:
649 4311 688 4370 ib.
734 4322 780 4371 est
795 4316 949 4390 accepere.-
969 4312 1008 4372 il).
