2594 4898
189 344 258 407 m
474 335 792 405 Ruuluomssuu
809 332 982 397 Pullius.

185 511 301 578 sinai
318 510 354 575 Si
371 508 431 573 hoc
447 510 566 587 fecisti,
593 513 710 571 annum
727 527 823 570 unum
840 507 1003 585 poenitere
1022 502 1122 568 debes
1140 512 1199 569 ant
1215 507 1257 570 ni·

185 618 264 701 giuti
281 635 341 678 sex
358 611 508 675 solidos
499 633 533 673 ιιι
551 609 789 690 eleemosynam
807 608 893 672 dare.
938 607 973 671 Si
990 629 1048 688 per
1065 607 1256 672 ebrietatem

186 719 308 797 evenit,
336 699 544 798 qnadraginta
563 713 630 775 dies
647 713 821 790 poeniteas.
867 710 992 774 ant
959 733 977 773 e
978 712 1057 774 tiam
1074 732 1186 775 caven
1176 711 1255 773 de·

185 818 256 898 bet,
275 827 310 882 ut
316 818 440 908 viginti
458 818 524 880 dies
542 822 616 877 ante
635 813 774 877 natalem
790 811 921 899 Domini
939 820 982 876 et
989 813 1207 877 Pentecosten
1223 821 1255 875 ct

187 924 272 984 omni
291 922 341 982 die
360 918 517 980 dominica
540 924 572 979 et
592 924 665 996 post
687 917 926 995 conceptionem
947 916 1188 980 manifestatam
1209 916 1254 978 vir

112 1030 118 1049 “
186 1024 348 1086 contineat
364 1042 400 1083 se
418 1021 458 1083 ab
477 1041 591 1083 uxore.

182 1154 186 1161 '
271 1140 341 1205 lnt.
385 1136 506 1202 Dixisti
533 1137 648 1202 falsum
674 1139 889 1201 testimonium
919 1158 977 1217 pro
992 1137 1178 1216 ,cupiditate
1199 1142 1250 1200 ant

152 1251 167 1277 '¹
185 1242 345 1308 nesciensl
380 1239 509 1305 Annum
525 1263 621 1304 unum
638 1264 668 1320 p.
689 1240 719 1302 d.

182 1369 185 1375 '
271 1362 342 1427 Int.
392 1359 564 1424 Truncasti
580 1359 679 1422 ullum
695 1357 891 1423 membrumi
926 1356 1008 1422 Tres
1026 1378 1127 1423 annos
1145 1359 1252 1440 poeni·

186 1473 253 1529 tere
272 1465 380 1529 dobes.
960 1458 963 1465 ’

270 1583 345 1647 Int.
391 1582 498 1646 Odisti
527 1581 658 1644 fratrem
687 1579 797 1644 tuum'l
838 1572 997 1655 Quamdiu
1022 1582 1055 1645 in
1082 1583 1153 1663 ipso
1181 1581 1249 1645 odio

185 1687 288 1764 fuisti,
308 1685 429 1749 tamdiu
445 1686 610 1764 poeniteas
628 1685 759 1763 inpane
778 1690 810 1747 ot
827 1681 928 1764 aqua.

272 1802 342 1868 lnt.
376 1801 556 1867 Detraxisti
581 1802 680 1866 ullum
705 1802 866 1866 hominem
891 1803 931 1866 nd
957 1805 1117 1868 seniorem
1141 1804 1251 1869 velud

185 1928 277 1988 pares
295 1914 425 1986 propter
440 1905 608 1969 invidiaml
645 1900 863 2003 Quadraginta
881 1906 948 1969 dies
965 1909 1143 1986 poeniteas.

272 2025 342 2089 Int.
379 2024 519 2088 Violasti
535 2028 568 2088 in
585 2025 670 2088 furto
693 2023 887 2104 sepulcrum?
908 2025 1020 2089 Annon
1039 2028 1118 2090 duos
1136 2050 1171 2107 p.
1189 2027 1220 2089 d.

210 2190 212 2195 .
272 2127 343 2190 Int.
390 2125 532 2210 Contigit
554 2128 613 2190 tibi
639 2124 704 2188 nlla
726 2125 918 2212 negligentia
942 2128 982 2190 de
1003 2125 1167 2192 sacrificio
1187 2125 1250 2191 Do·

187 2214 280 2293 minii
317 2227 451 2305 Centum
468 2228 519 2292 vel
532 2230 602 2311 552)
622 2229 829 2324 quadraginta
847 2230 914 2293 dies
931 2233 1107 2311 poeniteas
1174 2286 1179 2293 .

272 2346 342 2412 lnt.
387 2347 582 2412 Consulnisti
604 2369 714 2430 magos
737 2354 796 2411 aut-
814 2348 1010 2428 haruspices,
1037 2357 1093 2413 ant
1113 2351 1252 2414 incanta·

188 2456 273 2514 tores
291 2458 347 2515 aut
363 2448 531 2534 sortilegos
549 2448 602 2511 vel
619 2457 707 2524 vota,
729 2471 807 2528 quae
825 2450 866 2512 ad
884 2448 1014 2514 arbores
1028 2450 1083 2514 vel
1096 2452 1251 2516 adientes

186 2552 321 2634 faciunt,
339 2555 471 2631 vovisti,
494 2559 549 2616 aut
565 2559 685 2614 sortem
702 2550 833 2614 misistii
854 2551 965 2616 Annos
984 2561 1049 2616 tres
1066 2575 1096 2632 p.
1116 2554 1149 2618 d.

273 2670 343 2735 lnt.
390 2669 508 2734 Tulisti
535 2670 653 2750 aliquid
682 2672 836 2749 pecuniae
863 2671 903 2733 de
929 2671 1086 2735 ecclesial
1130 2672 1198 2737 Aut
1221 2673 1251 2741 in

98 2800 107 2835 -.·
179 2772 392 2853 ¹quadruplum
409 2776 573 2850 restitues,
592 2777 648 2834 aut
665 2779 730 2834 tres
749 2794 848 2837 annos
866 2777 1042 2853 poeniteas.

272 2890 349 2953 lnt
405 2890 576 2954 Perdidisti
611 2888 746 2970 aliquem
780 2913 837 2972 per
870 2894 1019 2958 iniustam
1054 2892 1251 3013 delaturam?

188 2990 269 3055 Tres
287 3014 386 3056 annos
403 2995 577 3073 poeniteas.

272 3088 343 3175 lnt.
387 3110 519 3176 Duxisti
545 3118 603 3177 aut
627 3115 830 3178 transmisisti
854 3115 954 3179 ullum
978 3114 1141 3178 hominem
1163 3114 1252 3180 Chri·

188 3213 327 3279 stianum
316 3214 438 3321 nm)
429 3236 462 3277 nn
481 3215 710 3294 captivitatem?
746 3215 828 3280 Tres
846 3240 946 3282 annos
963 3239 994 3298 p

272 3332 344 3397 Int.
390 3333 546 3398 Cremasti
581 3335 708 3398 domum
742 3343 797 3400 aut
832 3358 940 3400 aream
974 3335 1125 3402 alterius?
1171 3334 1252 3399 'l'ren

187 3456 287 3500 annos
306 3439 479 3517 poeniteas.

265 3552 340 3618 'Int.
389 3555 506 3617 Fecisti
537 3558 687 3620 vomitum
721 3579 778 3636 per
811 3556 1019 3623 ebrietatemt
1064 3553 1252 3632 Quindecim

188 3656 254 3719 dies
276 3658 455 3735 poeniteas3
482 3658 510 3719 si
531 3680 588 3737 per
611 3661 863 3741 contentionem,
894 3659 1117 3743 quadraginta3
1145 3663 1175 3724 si
1199 3680 1252 3722 ne·

186 3758 304 3832 sciens,
323 3763 444 3837 septem
457 3760 528 3843 ⁵⁵⁴)
548 3759 615 3822 dies
632 3781 663 3840 p.

271 3855 343 3924 Int.
387 3857 589 3924 Manducnsti
615 3864 784 3926 morticina
809 3870 864 3927 aut
882 3863 1056 3928 dilacerata
1078 3886 1099 3926 a
1120 3861 1252 3928 bestiis?

188 3954 405 4043 Quadraginta
428 3964 495 4026 dies
512 3985 543 4043 p.
564 3963 593 4026 d.
638 3963 791 4029 Similiter
810 3969 838 4029 si
859 3969 1046 4052 sangninem
1064 3967 1252 4030 comederis.

231 4221 305 4289 552)
329 4220 371 4277 sic
395 4236 494 4278 omnes
513 4218 620 4293 Codd.;
650 4241 695 4300 ap.
740 4244 824 4302 quem
851 4227 948 4285 inc.
977 4222 1038 4284 Bel.
1084 4229 1241 4303 dmm

188 4300 248 4360 Bal.
268 4303 360 4364 deest.
405 4308 479 4376 55³)
500 4313 619 4366 transm
639 4308 697 4367 ali·
740 4307 800 4367 Bal.
