2594 4898
189 373 235 434 aa
466 362 631 427 REGINO
653 308 784 422 Llllllll
805 359 979 420 PRIMUS.

190 556 202 570 ‘
276 541 328 599 34.
373 533 409 597 δί
426 541 568 612 tempore
590 537 726 608 statuto,
749 529 862 605 idest,
881 529 967 589 circa
983 525 1095 589 horam
1113 512 1178 589 diei
1195 533 1258 593 ter·

189 641 267 704 tiam
289 639 418 700 missam
440 633 594 711 celebret,
617 639 659 695 'et
681 638 754 711 post
774 630 854 693 haec
874 650 972 709 usque
995 630 1036 691 ad
1052 624 1258 693 medium'ie·

189 733 278 803 iuuet
291 738 385 816 diem,
403 744 439 801 ut
451 734 626 816 hospitibus
641 739 735 813 atque
748 731 991 820 advenientibus
1000 735 1013 776 1
1021 731 1064 816 ⁰),
1083 733 1110 794 si
1123 752 1257 797 necesse

190 842 301 919 fuerit,
323 842 425 920 possit
441 839 572 903 missam
590 833 735 900 cantaret

277 963 328 1021 35.
374 957 410 1020 Si
427 978 534 1019 curam
551 975 720 1038 pauperum
739 974 777 1015 ac
793 952 1031 1036 peregrinorum
1048 957 1083 1023 ot
1099 950 1257 1031 orphano·

190 1083 260 1126 rum
290 1059 406 1123 habeat
436 1081 555 1139 eosque
584 1059 674 1120 iuxta
704 1052 947 1135 possibilitatem
976 1040 1141 1118 suam³ad
1166 1074 1256 1117 suum
1290 1108 1293 1123 .

190 1162 356 1246 prandium
373 1160 501 1224 invitetl

276 1283 329 1346 36.
376 1279 410 1342 Si
437 1300 550 1359 aquam
576 1277 774 1341 benedictam
804 1276 891 1338 omni
920 1273 973 1337 (lie
1000 1268 1159 1338 (lominica
1184 1278 1255 1336 ante

190 1384 356 1446 missarum
368 1381 524 1445 solemnia
535 1380 634 1443 faciat
646 1381 679 1441 in
692 1400 770 1441 vase
785 1377 885 1440 nitido
896 1383 929 1439 et
936 1370 1030 1440 'tanto
1045 1374 1254 1462 mysterium

191 1485 416 1561 convenienti,
461 1484 500 1544 de
536 1504 596 1566 qua
629 1479 762 1560 populus
795 1481 918 1542 irrtraus
936 1475 1119 1564 'ecclesiam
1152 1496 1254 1557 asper·

190 1582 362 1667 gatur12)t

277 1703 328 1763 37.
374 1699 409 1763 Si
436 1699 567 1765 calicem
592 1706 648 1762 aut
667 1706 817 1779 patenam
840 1697 892 1762 vel
913 1700 1136 1761 vestimentum
1154 1718 1254 1760 sacer·

192 1800 299 1865 dotale
322 1810 377 1864 aut
397 1800 511 1864 librum
532 1809 712 1882 praesumat
734 1801 916 1864 tabernario
938 1799 990 1863 vel
1010 1800 1207 1883 negotiatori
1226 1799 1254 1859 in

189 1904 328 1967 wadium
347 1902 439 1967 derel

277 2026 329 2084 38.
374 2020 409 2083 si
434 1991 565 2084 alenium
590 2019 642 2083 vel
670 2020 876 2100 quodcunque
907 2018 1155 2097 emolumentum
1181 2025 1255 2082 tem·

130 2106 133 2113 ¹
190 2121 314 2203 potale,
345 2125 441 2185 immo
464 2125 684 2185 detrimentum
706 2122 869 2201 spirituale
892 2144 911 2183 a
929 2143 1112 2201 quocunque
1133 2118 1254 2200 publice

190 2232 343 2304 peccante
361 2223 412 2286 vel
430 2217 611 2287 incestuoso
630 2224 780 2303 accipiat,
802 2230 840 2286 ut
857 2224 1004 2302 episeopo
1022 2229 1056 2286 et
1077 2224 1146 2285 eius
1166 2223 1255 2285 mini·

191 2328 264 2389 stris
281 2333 444 2404 peccatum
462 2325 546 2388 illius
564 2322 712 2389 reticeat?
1040 2404 1044 2410 t

276 2432 328 2489 39.
374 2426 410 2490 Si
427 2426 563 2506 aliquem
580 2428 683 2490 urinus
702 2427 796 2508 digne
812 2427 1029 2505 poenitentem
1045 2427 1166 2489 favoris
1189 2447 1256 2510 gra·

190 2530 236 2590 tia
259 2535 315 2591 aut
336 2527 559 2592 familiaritatis
582 2535 637 2590 aut
658 2529 940 2610 consanguinitatis
963 2529 1004 2590 ad
1025 2527 1255 2591 reconciliatio·

190 2649 264 2691 nem
283 2629 420 2690 adducat
437 2637 470 2691 et
487 2632 517 2691 ei
534 2631 750 2692 testimonium
766 2628 1034 2693 reconciliationis
1055 2628 1157 2695 feratt

276 2734 328 2790 40.
374 2728 409 2791 Si
436 2730 561 2807 quando
588 2729 629 2792 ad
656 2732 903 2793 anniversarium
929 2731 1028 2809 diem,
1054 2732 1255 2807 tricesimum,

190 2831 355 2908 septimum
373 2827 426 2892 vel
443 2833 572 2892 tertium
590 2829 720 2894 alicuius
739 2816 879 2917 ‹lefuncti
895 2839 1027 2895 vocatus
1044 2832 1153 2911 fuerit,
1173 2834 1255 2915 si¹³)

191 2951 226 2992 se
252 2929 410 2992 inebriare
436 2941 634 3011 praesumat,
666 2940 698 2996 et
723 2936 848 3013 precari
870 2936 904 2996 in
930 2955 1038 2997 amore
1064 2941 1254 3011 sanctornm,

128 3094 135 3100 ,
189 3028 242 3092 vel
260 3032 356 3108 ipsius
375 3033 498 3095 animae
515 3030 625 3096 bibere
642 3041 675 3096 et
691 3034 772 3097 alios·
794 3035 835 3097 ad
858 3034 1026 3097 bibendum
1048 3056 1181 3119 cogere,
1207 3032 1255 3099 vel
1285 3110 1293 3137 ἱ

190 3153 225 3194 se
248 3130 354 3194 aliena
375 3135 557 3211 precatione
579 3136 772 3218 ingurgitare
795 3143 827 3198 et
847 3135 974 3215 plausus
997 3143 1030 3200 et
1045 3138 1128 3198 risus
1147 3138 1254 3203 incon·
1288 3140 1293 3147 '

124 3236 126 3242 ’
190 3233 274 3295 ditos
293 3240 326 3296 et
342 3236 445 3313 turpia
461 3236 535 3297 ioca
553 3241 586 3298 et
604 3245 713 3299 cantus
731 3237 914 3300 indecentes
931 3235 1056 3301 faceret

172 3364 176 3371 ·
274 3339 327 3399 41.
372 3335 409 3401 Si
426 3335 504 3401 nihil
521 3339 704 3416 patrimonii
720 3337 857 3417 habens,
881 3338 1004 3417 quando
1021 3345 1192 3419 provectus
1209 3344 1255 3402 est

188 3437 229 3499 ad
256 3437 440 3521 dignitatem
466 3438 728 3520 ecclesiasticam,
756 3447 867 3521 postea
893 3443 970 3503 emit
994 3441 1140 3521 praedia,
1171 3443 1252 3504 cuius
1278 3478 1283 3485 ·

187 3538 264 3600 iuris
282 3538 363 3602 sinti
1202 3542 1226 3553 ”

273 3659 326 3713 42.
370 3653 405 3717 Si
448 3677 559 3718 usuras
599 3660 709 3741 exigat
748 3665 781 3721 et
820 3658 992 3724 conductor
1031 3661 1080 3723 sui
1122 3659 1293 3785 senioris⁴

190 3753 330 3817 existatl

271 3875 324 3934 43.
369 3870 405 3935 Si
421 3875 549 3938 missam
567 3882 675 3974 cantet
692 3883 724 3940 et
741 3899 805 3941 non
823 3878 1046 3944 communic-etl

186 3994 401 4013 ——u—-n

230 4064 286 4130 10)
320 4059 370 4119 Sic
407 4040 627 4123 omues'Codd.
657 4100 698 4111 -
741 4065 845 4126 Vienn.
874 4060 955 4128 Bal'
979 4074 1030 4140 12)
1059 4078 1091 4126 et
1113 4018 1252 4129 stomin

187 4140 263 4201 llild.
283 4146 419 4204 mutavit:
460 4148 544 4224 hosp.
574 4159 607 4206 et
628 4169 697 4221 per-
741 4154 885 4211 ecclesio.-
918 4151 984 4211 add.
1018 4153 1154 4224 Helmst.,
1171 4153 1252 4213 'itu

187 4248 260 4305 egre
277 4231 422 4300 venient„
455 4227 540 4309 idque
563 4230 623 4290 Bal.
647 4252 695 4292 rc·
739 4234 804 4293 Bal.
845 4242 895 4307 13)
916 4237 967 4296 Sic
986 4236 1253 4299 onrnesCodln·

187 4314 273 4392 cepit.
304 4319 354 4389 11)
370 4316 554 4376 mentituro:
574 4316 693 4376 Helmst.
737 4330 851 4399 petunt3
873 4320 957 4381 deest
969 4342 1013 4402 ap.
1029 4321 1091 4381 Bul.
