2594 4898
107 338 180 405 188
212 376 215 381 -
353 332 520 398 anemo
538 330 672 396 Llllllli
689 330 939 395 succubus.

107 505 284 573 Clementis
304 502 377 571 libri
394 503 538 590 vum)
560 501 787 586 apocryphum.
834 502 940 567 Achra
964 502 1089 565 nomine
1108 501 1158 565 eln-
1189 508 1217 580 'p

106 610 202 674 irene
224 606 361 690 apostoli
378 605 561 690 apocryphi.
596 605 695 671 Actus
716 607 845 669 nomine
867 603 1022 669 Thomae
1043 601 1161 685 apostol
1202 625 1217 683 p

107 732 213 793 apocr.
256 710 355 775 Actus
380 708 462 774 nlius
487 710 615 773 nomine
640 708 728 773 Petri
754 705 895 789 apostoli
918 728 1032 787 apocr.
1081 704 1162 769 ann
1203 705 1217 768 h

107 817 235 879 nomine
252 812 389 893 Philippi
406 809 544 892 apostoli
565 832 670 893 apocr.
723 808 901 894 Evangelia
919 811 1056 873 nomine
1072 805 1165 871 'l'hal-
1204 809 1217 871 'r

107 918 181 981 daei
202 937 309 997 apocr.
361 912 537 1001 Evangelia
561 914 692 978 nomine
716 911 885 976 Barnabae
911 933 1025 993 apocr.
1077 911 1167 973 Evan-
1205 912 1217 990 )

107 1017 193 1105 gelia
210 1019 336 1081 nomine
353 1016 442 1081 Petri
459 1015 596 1098 apostoli
614 1015 806 1099 apocrypha.
851 1013 1040 1099 Evangelia
1049 1014 1169 1093 ,nonin
1206 1013 1217 1078 l

108 1118 271 1201 Thomae,
290 1121 400 1200 quihus
418 1118 602 1183 Manichaei
618 1127 761 1199 utuntur,
779 1116 978 1200 apocrypha.
1008 1114 1171 1201 Evangelia
1208 1132 1217 1180 t

109 1225 236 1288 nomine
257 1220 496 1287 Bartholomaei
518 1220 711 1306 apocrypha.
757 1218 936 1305 Evangelia
964 1223 1096 1284 nomine
1115 1217 1170 1281 Aa
1208 1217 1217 1281 l

110 1325 207 1391 ‹lreae
224 1323 359 1406 apostoli
377 1323 568 1407 apocrypha.
611 1321 799 1408 Evangelia,
818 1344 899 1403 quae
916 1321 1058 1387 falsavit
1074 1321 1171 1385 Lucia
1209 1343 1217 1385 r

110 1450 185 1508 nus,
212 1427 405 1511 apocrypha.
457 1426 649 1512 Evangelia,
676 1448 756 1507 quae
781 1424 921 1489 falsavit.
978 1424 1171 1503 Ysioiurss),
1210 1448 1217 1487 r

112 1530 303 1613 apocrypha.
329 1529 428 1595 Liber
446 1528 485 1593 de
502 1530 636 1593 infautia
653 1527 829 1593 Salvatoria
847 1528 1069 1611 apocryphus.
1091 1526 1172 1591 Liber
1211 1550 1217 1589 r

111 1635 153 1698 de
169 1636 336 1698 nativitate
354 1631 530 1696 Salvatoris
553 1639 586 1696 et
603 1633 643 1696 de
660 1630 768 1695 Maria
783 1629 833 1695 vel
852 1630 1038 1696 obstetrice
1056 1648 1172 1712 apocry-
1212 1629 1217 1692 l

110 1735 203 1816 phus.
246 1728 362 1815 Liber,
386 1736 439 1814 qui
460 1734 635 1815 appellatur
655 1733 811 1814 Pastoris,
835 1732 1057 1816 apocryphus.
1099 1731 1172 1797 Liar·
1202 1716 1217 1851 )Ι

113 1858 235 1914 omues,
253 1858 331 1917 quos
349 1836 425 1899 fecit
441 1836 577 1900 Leucius
590 1840 640 1913 ⁶⁶)
661 1835 827 1916 discipulum
845 1834 985 1917 diaboli,
1004 1832 1171 1919 apocryphi.
1203 1833 1217 1993 pl

113 1938 226 2017 Liber,
253 1941 305 2019 qni
332 1936 508 2020 appellatur
532 1939 799 2020 Fundamentum,
827 1944 934 2019 apocr.
992 1936 1173 2019 libeani
1214 1959 1217 2016 ι

113 2039 289 2123 appellatur
306 2038 506 2123 Thesaurus,
524 2041 733 2125 apocryphus.
763 2041 864 2106 Liber
881 2042 922 2105 ‹le
941 2039 1077 2105 filiabus
1093 2037 1173 2105 Alel-
1215 2063 1217 2087 ¹

113 2146 261 2230 genensis
274 2130 326 2228 ll)
354 2166 458 2225 apocr.
513 2144 742 2209 centimetrum
772 2145 812 2208 de
839 2143 972 2209 Christo
1001 2142 1174 2230 Virgilianir

115 2249 368 2331 compaginatum
401 2247 562 2327 versibus,
598 2270 704 2329 apocr.
764 2247 882 2327 Liber,
918 2251 976 2328 qui
1012 2245 1176 2329 appellatur

115 2358 204 2413 actus
226 2348 346 2413 'l'eclae
370 2357 403 2413 et
424 2349 531 2429 Pauli,
555 2372 660 2433 apocr.
705 2350 819 2431 Liber,
843 2352 895 2431 qui
917 2349 1104 2431 appellatur
1122 2345 1176 2412 Νο-

114 2454 214 2534 potis,
237 2473 342 2532 apocr.
388 2452 489 2516 Liber
517 2454 758 2533 proverbiorum
789 2453 828 2518 ab
850 2451 1027 2517 haereticis
1050 2450 1177 2517 conscri-

116 2564 202 2637 ptus,
230 2561 263 2618 et
293 2553 350 2617 sub
377 2557 477 2617 sancti
504 2555 589 2619 Sixti
615 2558 743 2621 nomine
770 2559 928 2641 signatus,
957 2577 1070 2638 apocr.
1124 2551 1177 2615 lle·

115 2658 252 2737 velatio,
280 2678 360 2737 quae
392 2656 568 2736 appellatur
593 2657 700 2738 Pauli,
732 2682 837 2740 apocr.
890 2658 1082 2738 Revelatio,
1109 2676 1178 2738 quae

117 2759 293 2841 appellatur
319 2757 480 2839 Thomae,
512 2782 617 2841 apocr.
678 2761 859 2842 Revelatio,
892 2783 975 2841 quae
1008 2758 1178 2843 appellatur

117 2860 286 2942 Stephani,
309 2882 414 2939 apocr.
457 2861 572 2943 Liber,
596 2866 648 2944 qui
669 2864 846 2944 appellatur
863 2862 1038 2927 Transitus
1057 2870 1179 2927 sanctae

116 2961 257 3042 Mariae,
285 2983 391 3040 apocr.
435 2964 547 3043 Liber,
572 2970 626 3045 qui
652 2966 829 3048 appellatur
854 2964 1063 3029 Poenitentia
1089 2964 1179 3053 Adae,

117 3085 222 3144 apocr.
267 3062 368 3126 Liber
384 3061 528 3149 Deogiae
542 3069 592 3152 68)
612 3071 739 3133 nomine
758 3069 918 3153 (ligantis,
943 3074 997 3148 qui
1015 3076 1093 3149 post
1109 3065 1180 3130 dilu-

116 3169 203 3231 vium
221 3187 291 3230 cum
309 3165 446 3230 dracone
460 3190 616 3253 pugnasse
630 3170 670 3233 ab
684 3170 852 3236 haereticis
865 3170 1066 3251 perhibetur,
1086 3191 1180 3253 apocr.

116 3270 231 3349 Liber,
253 3272 307 3351 qui
325 3268 501 3350 appellatur
518 3280 743 3338 testamentum
761 3273 818 3338 lob
833 3271 902 3361 ⁶⁹),
920 3295 1031 3353 apocr.
1079 3273 1181 3350 Liber,

117 3375 170 3454 qui
188 3371 363 3453 appellatur
380 3375 575 3452 poenitentia
594 3372 758 3459 origenis,
778 3398 884 3456 apocr.
928 3374 1047 3455 Liber,
1067 3378 1118 3457 qni
1134 3396 1182 3455 ap·

115 3475 253 3557 pellatur
278 3476 470 3555 poenitentia
497 3479 599 3542 sancti
628 3476 795 3560 Cypriani,
821 3499 926 3558 apocr.
989 3477 1110 3558 Liber,
1136 3478 1182 3558 qni

116 3577 294 3665 appellatur
311 3575 441 3641 lamnae
453 3579 504 3663 ¹⁰)
523 3588 556 3644 et
573 3578 757 3662 Mambrae,
776 3602 881 3662 apocr.
924 3579 1043 3661 Liber,
1063 3582 1116 3662 qui
1133 3602 1183 3660 ap·

116 3759 331 3774 μ..-

162 3869 313 3930 c.LV111.
333 3871 387 3950 64)
400 3874 463 3932 IX.-
483 3873 572 3954 llisp.,
583 3878 624 3935 X:
671 3899 775 3955 neapo.-
800 3874 890 3946 Gud„
911 3876 1001 3935 Adae
1021 3877 1076 3934 cel
1096 3878 1184 3933 Gene-

119 3952 298 4016 Pseudoisid.
319 3976 364 4035 ap.
379 3957 493 4019 Merlin.
518 3966 570 4032 65)
586 3963 628 4019 sic
671 3984 754 4022 reos.-
783 3961 879 4032 Grat„
908 3961 1045 4019 adiectus
1066 3960 1184 4037 genesi:

119 4044 271 4106 ctBurch.
291 4044 331 4103 lv.
352 4042 419 4102 Sev.
440 4043 531 4117 Gnrl„
550 4049 628 4123 Hyr·
673 4048 752 4127 llisp.
802 4051 853 4123 68)
882 4047 923 4104 sic
952 4056 983 4103 et
1009 4044 1119 4103 Burcb.
1147 4043 1183 4102 lr.

119 4134 198 4192 eius:
223 4133 317 4203 Grac,
344 4129 525 4205 Hesychius:
548 4130 626 4208 Hisp.
672 4132 739 4191 Sav.
752 4131 836 4203 Gna,
850 4133 963 4209 Ogiae:
974 4128 1067 4202 Grac,
1081 4132 1185 4208 ligine:

118 4222 171 4291 66)
190 4220 360 4279 Lrnh'cricr:
386 4215 467 4275 Gret.
512 4219 564 4289 67)
585 4218 626 4274 sic
672 4219 752 4296 llisp.
798 4221 850 4292 69)
871 4216 981 4276 Iacob.-
1010 4214 1093 4274 Grai.
1134 4218 1182 4277 7⁰)

118 4303 223 4368 Burch.
243 4304 284 4363 lv.
300 4301 378 4374 San,
398 4297 488 4360 Adue
506 4302 555 4359 uel
572 4305 628 4360 Ge·
670 4304 825 4364 lumbrae:
851 4300 938 4374 ond..
957 4303 1088 4362 mano.
1106 4299 1182 4361 cac
