2594 4898
183 360 257 423 aaa
429 352 593 417 anenno
615 314 749 413 arana
770 350 1018 415 snconnos.

183 524 245 589 lna.
289 520 386 599 Quot
402 521 586 607 pianina⁴³)
604 541 766 601 exponere
782 521 1012 601 praeterirent,
1030 540 1073 583 na
1089 540 1189 585 rexne
1203 522 1244 583 in·

183 624 308 691 atabilia
324 644 389 687 non
406 632 473 687 tarn
489 624 660 703 detenefi,
677 644 771 703 qaam
789 620 953 687 &moneri
969 622 1134 687 videatur.

66 818 176 868 aur.
208 792 245 858 C.
268 790 348 857 XV.
392 790 447 857 De
467 792 586 871 videa,
609 812 691 878 qaae
708 800 784 876 port
798 792 979 875 prosecrare
1003 786 1228 857 matama-
1287 756 1289 773 Ι

559 899 870 979 praevaricaverim.
995 936 999 941 -

186 1029 398 1097 Concilium
421 1028 669 1113 Cartbaginir
689 1012 845 1093 Africae
869 1037 1057 1111 quartum,
1086 1028 1245 1095 habitan

313 1133 358 1198 ab
387 1132 590 1213 Epireopir
624 1151 777 1195 nnmero
812 1128 998 1213 ccxlv„
1035 1154 1130 1197 aera
1287 1190 1289 1209 ,

539 1230 898 1325 ccccxxxvii)
1189 1288 1192 1293 .
1287 1264 1289 1345 p

270 1353 361 1419 Sient
386 1354 579 1417 bonnm-eat
602 1353 759 1417 certitatia
784 1354 971 1432 praemium,
1002 1354 1051 1416 ita
1082 1360 1119 1417 et
1137 1355 1246 1441 'umori
1287 1352 1289 1357 ’

186 1456 390 1521 obrarraotia
406 1463 440 1519 et
455 1456 675 1535 praeceptione
696 1454 934 1519 custodiendam
954 1462 1019 1534 eat,
1044 1462 1102 1535 nt,
1124 1458 1154 1520 ai
1174 1476 1247 1537 qnae

185 1558 315 1636 viduae,
346 1553 519 1638 quamlibet
546 1554 650 1619 adhoc
677 1558 712 1619 in
735 1555 909 1620 minoribus
934 1556 1026 1619 annin
1051 1560 1196 1637 ponitna,
1218 1566 1248 1621 et

184 1662 355 1723 immatura
379 1665 486 1721 aetate
511 1679 532 1721 a
553 1658 621 1721 viro
647 1656 793 1737 relictae,
818 1676 854 1720 ae
880 1656 1068 1721 devoverint
1091 1656 1184 1739 Deo,
1208 1667 1246 1737 et,

185 1768 276 1826 verto
297 1758 403 1825 laieali
424 1759 566 1839 abiecta,
592 1758 650 1823 aab
676 1760 858 1823 tertimonio
880 1761 1020 1839 episcopi
1041 1772 1078 1825 et
1100 1758 1248 1825 adanae
1287 1774 1289 1859 p

184 1861 335 1947 religiono
356 1859 467 1949 habito
488 1863 703 1941 apparuerint,
724 1868 836 1941 postea
856 1880 933 1925 vero
954 1860 997 1925 ad
1017 1864 1150 1943 nuptiae
1166 1884 1248 1927 eaen-

184 1961 271 2027 laroa
291 1962 492 2043 munierint,
522 1963 695 2027 secandum
716 1959 894 2044 apostolam
913 1960 1047 2025 Paolum
1076 1964 1248 2029 damnatio·

185 2087 259 2128 nem
280 2062 456 2142 habebunt,
480 2066 627 2147 qnoniam
647 2056 745 2128 fidem
767 2064 937 2143 restitutit,
955 2084 1050 2144 quam
1066 2062 1144 2129 Deo
1160 2086 1248 2131 vora·

184 2175 270 2247 rant,
288 2169 409 2231 irritam
426 2166 533 2231 tacere
551 2187 648 2229 aneae
665 2174 749 2230 annt.
785 2162 884 2229 Talea
902 2186 978 2249 ergo
996 2186 1160 2246 parronae
1176 2168 1246 2233 aiio·

184 2289 246 2333 nae
272 2270 399 2355 niatu)
429 2289 450 2331 a
476 2267 729 2353 Christianorum
755 2268 990 2346 communione,
1026 2290 1113 2349 qnae
1138 2272 1248 2335 nenia

186 2372 332 2435 convivio
354 2392 425 2433 corn
447 2368 635 2433 Christiania
654 2370 893 2433 oomrnanioent.
939 2366 1026 2435 Nam
1042 2372 1074 2435 ai
1091 2370 1248 2437 adulata

185 2474 336 2557 onningen
364 2479 456 2537 reatu
485 2479 560 2535 aunt
588 2472 653 2535 sair
682 2471 761 2535 viria
789 2466 966 2551 obnoxiae,
997 2484 1121 2553 quanto
1154 2476 1246 2561 nagia

183 2573 310 2653 viduae,
329 2594 410 2653 qaae
423 2570 495 2635 Deo
513 2570 752 2655 religiositatem
769 2579 935 2652 voverunt,
954 2576 1089 2639 crimine
1107 2574 1248 2641 adulterii

184 2675 395 2753 notabantur,
417 2675 444 2737 ri
467 2674 684 2753 devotionem,
708 2695 801 2752 qaam
821 2682 1017 2754 spontaneae
1034 2672 1114 2741 Deo
1133 2674 1245 2743 abate

182 2785 273 2855 rant,
299 2774 468 2839 libidinosa
488 2774 652 2855 voluptate
676 2777 887 2856 corruperint,
913 2786 1009 2857 atqua
1031 2779 1075 2842 ad
1099 2780 1245 2845 recondat

183 2879 310 2957 nuptiae
327 2878 492 2939 transitum
508 2877 656 2952 fecerint3
683 2898 779 2957 quae,
797 2878 859 2941 etri
875 2876 1030 2942 violentia
1050 2880 1196 2947 irmante
1209 2880 1244 2943 ab

184 2973 291 3057 aliquo
311 2985 498 3058 praereptae
519 2980 651 3057 fuerint,
673 3000 713 3042 ae
737 2986 851 3060 postea
875 2976 1088 3045 delectatione
1115 2982 1245 3049 libidini·
1275 2936 1284 3041 Ι

182 3098 369 3159 parmanere
392 3080 425 3143 in
447 3080 593 3163 coningio
614 3082 734 3161 raptori
756 3078 808 3143 vel
830 3078 971 3145 violento
989 3084 1063 3146 viro
1083 3104 1245 3149 conmora-

182 3181 262 3259 rint,
289 3182 432 3261 ruperiue
458 3181 661 3245 damnatione
682 3180 976 3266 comprehenra⁴⁵)
1002 3191 1178 3251 teneantur
1195 3184 1245 3249 ob-

183 3283 315 3347 noxiae.
357 3280 410 3346 De
431 3282 549 3347 talibas
571 3284 656 3347 enirn
677 3284 723 3345 ait
738 3281 976 3370 Apostolnr†):
1003 3282 1083 3351 Char
1105 3294 1188 3353 emb
1201 3288 1245 3352 a·
1277 3350 1280 3365 ,

183 3382 342 3449 arctatae
357 3384 506 3467 sarriet,
535 3382 653 3449 eabae
676 3387 803 3465 volant,
828 3382 978 3451 tutata
1004 3386 1244 3467 damnem,
1273 3386 1282 3497 Ι

184 3492 262 3571 para
276 3494 413 3571 priam
425 3484 530 3567 fidere
549 3492 678 3553 irritam
689 3488 858 3567 fecerant.
905 3484 1059 3553 Aureliae
1086 3494 1243 3573 epireopnr
1274 3510 1282 3649 1

186 3584 446 3671 Carthaginenaia
464 3586 619 3653 ecclesiae
635 3587 816 3670 mbrcapci.
859 3585 1061 3656 Donatianna
1081 3590 1242 3674 'l'alapten

184 3689 229 3751 air
245 3689 365 3769 primae
383 3686 477 3755 redis.

253 3910 280 3958 c.
296 3910 354 3961 xv.
389 3908 419 3978 o)
436 3914 479 3963 Sic
497 3914 525 3963 in
538 3916 666 3979 Rapere,
684 3915 711 3964 tn
729 3928 780 3976 qna
793 3929 877 3965 canoa
890 3916 982 3967 nortae
992 3918 1035 3967 en
1046 3916 1128 3969 haina
1139 3920 1215 3969 cene.
1223 3931 1240 3965 e
1275 3812 1282 3937 Ι

185 3977 256 4037 rota
275 3980 308 4028 at.
317 3981 378 4040 Bag.
387 3982 451 4042 app.
460 3985 481 4032 1.
490 3997 513 4033 c.
522 3987 563 4034 51.
1277 3996 1282 4075 Ι

311 4092 339 4150 †)
353 4097 372 4137 r.
388 4092 449 4137 rra.
463 4107 483 4137 c.
497 4097 517 4136 a.
531 4106 553 4138 c.
568 4098 600 4138 tt.

228 4198 260 4258 C.
278 4198 358 4259 xlv,
385 4206 439 4274 43)
459 4202 595 4279 piem'aer
619 4204 694 4283 orig.
782 4204 816 4263 G.
832 4203 898 4265 XV.
920 4210 975 4275 aa)
992 4216 1081 4267 ruat.-
1099 4206 1163 4269 Bal.
1192 4212 1237 4277 45)

184 4282 259 4343 Coti.
278 4287 339 4345 citt.
737 4308 801 4349 cara
814 4300 995 4369 procreate:
1012 4291 1084 4352 init.
