2594 4898
143 305 242 400 56¹
337 320 341 325 '
426 303 933 368 lillGlNOLlBllllPlllllllS.
1175 39 1252 459 “i

144 475 296 539 miuicum
313 492 424 553 corpus
441 475 476 538 in
492 473 653 555 sepulcro,
672 496 735 537 non
752 476 786 539 in
799 473 1003 553 holosericis,
1020 473 1080 539 sed
1093 480 1214 545 tantun

145 578 180 639 in
197 576 331 639 sindone
348 576 465 639 munda
481 577 542 640 fuit
558 575 745 640 involutum.
781 573 1036 660 corporalem)
1056 598 1232 657 nunquam
1250 584 1252 591 '

146 699 240 756 super
257 676 358 741 altare
375 679 634 760 remaneat¹⁹⁸)‚
653 677 710 741 sed
728 683 783 741 aut
799 678 832 740 in
847 684 1122 742 sacramentorum
1133 677 1210 743 libro
1250 742 1252 749 ,

146 785 295 859 ponatur,
324 786 379 842 aut
400 801 470 842 cum
487 777 585 843 calice
604 787 637 842 et
656 786 773 858 patena
789 781 824 842 in
840 778 1046 843 mundissimo
1067 779 1144 844 loco
1164 801 1211 845 re·

148 881 311 945 condatur.
353 881 397 945 Et
427 881 550 961 quando
583 879 719 944 abluitur
744 902 764 943 a
790 879 970 958 sacerdote,
1002 880 1139 944 diacono
1162 879 1209 944 vel

116 1012 123 1043 ,·
147 982 357 1062 subdiacono,
380 985 476 1064 primo
494 985 528 1055 in
545 981 681 1045 ecclesia
698 983 731 1042 in
748 979 821 1044 loco
841 988 873 1043 et
889 1002 966 1044 vase
984 982 1026 1044 ad
1043 981 1107 1044 boc
1124 1003 1208 1062 prae·

146 1091 259 1164 parato
277 1082 440 1164 abluatur,
463 1106 501 1148 eo
520 1084 603 1165 quod
621 1104 665 1145 ex
683 1083 841 1146 dominico
864 1104 995 1165 corpore
1013 1076 1206 1167 et‘sangoioe
1249 1106 1252 1115 ¹

147 1185 300 1250 infectum
317 1189 367 1250 sit.
411 1187 490 1251 Post
511 1185 592 1249 haec
609 1209 630 1248 a
646 1182 830 1250 lavandario
852 1187 885 1249 in
906 1183 1008 1250 nitido
1030 1183 1104 1249 loco
1125 1205 1205 1265 pare·

148 1290 292 1369 turres),

107 1481 139 1525 es
435 1457 472 1524 C.
489 1457 601 1523 LXX.
646 1456 701 1523 De
718 1431 929 1523 eucharistia

259 1594 319 1657 Ex
341 1592 529 1673 Capitulis
551 1591 818 1674 synodalibus,
848 1614 925 1672 cap.
946 1590 1103 1678 CLV.¹¹).

234 1710 280 1774 Ut
295 1711 463 1791 presbyter
479 1731 604 1790 semper
621 1709 845 1775 eucharistiam
863 1710 979 1774 habeat
994 1718 1151 1790 paratam,
1169 1714 1204 1787 ot,
1250 1756 1252 1761 -

151 1813 274 1892 quando
289 1814 357 1892 quis
370 1811 547 1875 infirmatus
564 1814 742 1895 fuerit²⁰⁰)
762 1819 817 1875 aut
832 1810 981 1891 parvulus
993 1809 1137 1876 infirmus
1150 1813 1206 1875 fue·

150 1915 208 1993 rit,
227 1916 335 1978 statim
353 1935 425 1979 eum
442 1917 665 1995 communicet,
684 1934 724 1977 ne
738 1914 806 1978 sine
820 1915 1039 1982 communione
1053 1917 1205 1980 morietur.

109 2091 141 2137 ⁷⁰
446 2084 484 2149 C.
506 2084 634 2149 LXXI.
679 2084 733 2149 De
750 2085 859 2149 eadem
875 2106 921 2149 re.
945 2144 951 2161 ,

406 2220 465 2284 Ex
490 2220 665 2285 Concilio
693 2219 960 2305 Turonensi').

236 2337 283 2404 Ut
300 2341 401 2404 omnis
417 2340 584 2423 presbyter
599 2340 718 2404 habeat
733 2340 873 2420 pixidem
883 2340 955 2423 ²⁰1)
977 2345 1032 2403 aut
1053 2361 1111 2404 vas
1129 2345 1213 2405 mlo

150 2449 349 2506 sacramento
373 2443 515 2527 dignum,
543 2443 597 2506 ubi
624 2464 736 2523 corpus
763 2442 954 2505 dominicum
981 2439 1153 2526 diligenter
1167 2463 1216 2506 rc·

151 2545 304 2608 condatur
322 2545 360 2608 ad
382 2547 534 2608 viaticum
559 2544 778 2608 recedentibus
801 2566 821 2606 a
842 2542 962 2606 seculo.
1007 2540 1100 2617 Quae
1127 2563 1233 2607 secra

154 2644 273 2710 oblatio
298 2648 431 2709 intincta
457 2647 554 2710 debet
571 2668 642 2710 esse
668 2649 702 2709 in
728 2646 882 2728 sanguine
907 2642 1040 2724 Christi,
1068 2652 1105 2709 ut
1125 2666 1217 2708 vere·

153 2749 233 2809 citer
257 2747 424 2829 presbyter
449 2751 551 2828 possit
575 2749 680 2812 dicere
706 2745 852 2811 infirmo:
896 2746 1014 2831 Corpus
1036 2756 1071 2811 ct
1086 2752 1219 2831 sanguis

152 2847 287 2914 Domine·
303 2848 460 2932 proficiat
482 2849 556 2928 tibi,
583 2871 766 2929 semperque
790 2850 832 2911 sit
853 2869 947 2929 super
969 2847 1070 2912 altare
1088 2840 1219 2912 obsera-

151 2952 299 3034 tnm202)
318 2957 446 3030 propter
462 2973 568 3014 mures
587 2959 619 3014 et
635 2952 773 3014 nefarios
792 2949 946 3028 homines,
965 2957 997 3013 et
1015 2951 1053 3012 de
1072 2952 1169 3013 tertio
1187 2954 1219 3012 in

150 3053 361 3136 tertium²⁰³)
390 3052 472 3116 diem
497 3074 621 3133 semper
646 3059 797 3130 mutetur,
824 3053 847 3113 i.
866 3073 894 3114 e.
916 3050 974 3114 illa
995 3075 1015 3114 a
1030 3051 1219 3134 presbytero

222 3209 248 3255 G.
266 3207 346 3256 Lxx.
382 3210 411 3269 u)
420 3210 513 3270 Anseg.
528 3211 610 3270 cepit.
623 3211 651 3258 L.
662 3212 681 3258 Ι.
694 3224 716 3257 c.
727 3212 784 3258 155.
798 3208 833 3269 (c.
849 3212 889 3259 16.
904 3211 964 3268 cap.
979 3209 1076 3269 logelh.
1090 3209 1122 3256 de
1137 3210 1219 3273 presb.

152 3289 176 3325 n.
187 3275 305 3334 809.).—
314 3276 407 3324 Burcb.
416 3278 446 3325 V.
458 3280 498 3327 1⁰.
508 3278 571 3338 (8.),
588 3279 665 3324 Dccr.
675 3279 704 3323 ll.
715 3281 754 3324 20.
765 3275 828 3340 (3.),
847 3277 910 3324 Pan.
920 3280 939 3325 l.
949 3279 1007 3325 148.
1017 3276 1086 3336 (D.)‚
1097 3278 1130 3326 D.
1140 3279 1170 3325 ll.
1179 3277 1219 3323 De

153 3344 379 3406 consuenda),
399 3360 499 3398 omnes:
525 3346 571 3393 Ex
591 3346 667 3397 Cone,
690 3347 819 3394 Worneat.
841 3361 864 3395 c.
883 3348 906 3394 5.
942 3346 981 3395 cf.
999 3343 1114 3392 Wolteri
1130 3344 1220 3395 Aurei.

153 3415 247 3530 ⁰⁸⁹⁸&
257 3415 349 3531 lxxi.
366 3479 403 3545 'v)
413 3484 683 3543 cortinarom.-
700 3481 793 3532 auron
802 3482 833 3530 v.
844 3484 867 3530 o.
878 3480 931 3542 (a.)
941 3483 967 3529 et
975 3482 1052 3529 neor.
1061 3481 1092 3530 u.
1103 3482 1144 3529 re.
1154 3479 1219 3542 (ap

151 3548 197 3597 Er
207 3551 283 3600 Cone.
297 3552 392 3599 Taren.
402 3567 424 3600 c.
433 3554 458 3600 4.

196 3665 229 3722 C.
251 3666 355 3725 LXIX.
403 3672 474 3739 197)
501 3678 532 3727 et
556 3688 664 3746 nunu:
708 3666 799 3727 Codd.
818 3667 940 3728 babent:
978 3665 1147 3744 infirmatus
1164 3663 1219 3744 su·

151 3748 258 3808 Burcb.
297 3753 370 3826 198)
394 3752 456 3809 rarsi
475 3754 505 3811 in
534 3762 664 3830 tempore
708 3756 779 3823 erit,
799 3753 864 3811 alii:
885 3751 1067 3831 infirmatur,
1087 3751 1153 3811 alii:
1174 3753 1220 3810 is·

152 3836 275 3894 messae:
292 3832 358 3893 edd.
377 3833 482 3895 Burcb.
521 3842 592 3911 199)
614 3836 663 3896 Sic
697 3837 879 3915 firmaverit.

153 3937 252 3977 ornnes
279 3918 370 3978 Codd.
399 3931 430 3979 et
455 3920 577 3996 Bnrcb.;
615 3942 664 3982 re·
751 3922 784 3981 C.
812 3921 915 3981 LXXl.
961 3922 1039 3998 201)
1064 3922 1219 3999 prividere:

149 4013 300 4081 ponebar:
324 4002 399 4063 llild.
705 4005 790 4066 Gon.
874 4011 961 4079 202)
1013 4005 1220 4066 observatus.-

196 4087 228 4146 C·
255 4088 345 4148 LXX·
390 4095 468 4163 200)
498 4091 548 4151 Sic
574 4092 659 4151 Trcv.
706 4092 828 4171 Gnelpb.
868 4092 986 4151 Helmst.
1023 4089 1129 4148 Vienn.
1159 4088 1219 4149 Bal.

150 4172 267 4245 Visun,
278 4175 351 4233 Coll.
363 4175 438 4246 citt.;
454 4176 660 4253 infirmaverit.-
706 4182 779 4249 203)
800 4180 837 4236 de
854 4180 977 4257 septimo
1000 4179 1031 4236 in
1047 4177 1218 4255 replebam:

151 4258 215 4318 rell.
240 4258 332 4320 Codd.
386 4260 589 4338 capitularium
612 4262 661 4320 alii
706 4261 809 4323 Burcb.
