2594 4898
371 336 861 404 rasurnnoomroms
961 296 984 333 ”
1091 362 1130 409 ιι

60 515 112 573 est
130 507 275 589 probari,
298 528 390 599 quum
414 530 453 571 ea
471 508 641 575 Gestorum
665 510 762 575 verba
785 513 865 596 (cap.
884 510 1041 601 XLllL),
1064 517 1131 593 qui·

59 611 121 674 bus
140 608 188 675 illi
205 610 364 692 nituntur,
388 612 624 676 evidentissime
648 611 732 676 aliud
749 617 920 695 respiciant
938 637 1032 696 opus,
1051 612 1131 679 Rot-

59 715 132 798 geri
166 711 289 777 scilicet
323 713 550 797 archiepiscopi
580 712 788 779 'l'reverensis
820 716 1075 797 compilationem
1089 720 1130 803 ¹*).

59 813 159 880 Diem
175 815 304 880 tandem
322 837 501 896 supremum
519 817 600 881 obiit
616 815 739 901 Regino
762 841 846 882 anno
869 824 949 900 915,
972 823 1053 883 sicut
1074 802 1130 901 ap·¹

58 925 153 1000 paret
169 940 209 982 ex
225 921 432 999 inscriptione
450 918 600 1000 epitaphii
619 922 697 1000 eius,
716 943 799 984 anno
819 927 899 986 1581
923 926 956 985 in
970 930 1130 986 monaste·

58 1023 110 1084 rio
131 1020 165 1083 S.
184 1020 351 1085 Maximini
368 1023 498 1085 inventi.
540 1020 646 1086 Verba
663 1031 791 1086 servata
810 1024 888 1087 baec
905 1027 1044 1110 sunt²²‘):

104 1118 210 1187 Feeec
224 1122 401 1208 seguono
419 1130 562 1191 contem
579 1146 659 1190 osec.

103 1225 216 1309 Abdus
232 1234 380 1311 egregius
391 1229 547 1310 praesuli
563 1234 631 1317 epae
645 1235 719 1314 plue

12 1376 18 1385 .
108 1322 261 1393 emoto
277 1330 431 1414 quondam
448 1329 632 1394 Prume‘enec'
647 1328 781 1395 osoribus
798 1334 891 1396 ulmis

105 1428 278 1517 Postquam
306 1476 489 1496 .......

449 1535 491 1598 Α.
513 1534 741 1604 DCCCCXV.

48 1635 145 1716 lam,
166 1638 248 1717 quod
266 1641 380 1703 attinet
398 1640 437 1702 ad
457 1640 670 1703 conditionem
689 1646 817 1703 nostine
836 1639 1031 1705 collectionis
1049 1642 1132 1705 eine·

61 1762 123 1820 que
141 1740 249 1803 fontes
266 1747 300 1803 et
317 1742 399 1819 fata,
424 1742 465 1803 ed
483 1743 640 1804 rationem
658 1744 814 1821 inprimis,
839 1764 900 1822 qua
919 1743 958 1806 ab
978 1742 1047 1805 aliis
1067 1732 1131 1805 colss

60 1839 233 1904 lectoribus
256 1842 399 1905 adbibita
421 1851 471 1904 est
483 1850 587 1929 etque
605 1842 739 1922 collata,
763 1845 861 1907 fusius
880 1845 938 1908 bae
957 1847 996 1907 de
1013 1867 1048 1907 re
1065 1852 1131 1908 tra·

61 1946 146 2007 ctavi
163 1946 197 2006 iu
214 1943 298 2008 libro
316 1967 386 2007 meo
405 1965 499 2024 supra
517 1948 655 2024 oi.“*),
675 1967 768 2025 qnam
783 1946 823 2008 ob
838 1969 966 2011 catrsam
980 1966 1133 2010 summam

60 2067 165 2109 rerum
183 2046 324 2110 breviter
341 2047 372 2110 b.
391 2045 412 2108 l.
433 2047 698 2126 comprehendere
716 2048 810 2111 facile
828 2048 976 2113 sufficiet.

145 2146 319 2231 Reginonis
337 2171 415 2229 opus
433 2150 555 2213 lorensi
572 2151 763 2214 destinatum
782 2160 851 2215 erat
868 2154 950 2231 usui,
969 2151 1051 2230 quod
1066 2151 1132 2230 qui·

62 2251 134 2313 dem
159 2259 227 2314 tam
254 2272 298 2313 ex
324 2252 472 2315 mandato
501 2251 656 2332 llntbodi,
684 2276 777 2332 quam
800 2276 843 2317 ex
864 2255 1063 2333 praefatione
1090 2251 1131 2315 ad

63 2351 275 2432 Hatthonem,
299 2362 332 2417 et
355 2376 398 2417 ex
416 2362 530 2418 natura
548 2377 586 2417 ac
603 2356 785 2418 conditione
803 2358 899 2434 ipsius
919 2362 1050 2436 apparet
1067 2351 1131 2417 col-

62 2452 217 2518 lectionis.
262 2452 348 2518 Hinc
374 2456 486 2520 divisio
514 2459 547 2520 in
574 2455 652 2518 duos
679 2456 796 2535 libros,
824 2477 957 2536 quorum
983 2455 1065 2518 alter
1091 2455 1131 2518 de

64 2555 186 2620 clericis
212 2557 369 2639 rebusque
398 2558 636 2637 ecclesiasticis,
669 2557 749 2621 alter
777 2558 816 2620 de
841 2557 931 2620 laicis
959 2578 1131 2637 eorumque
1193 2638 1196 2643 Ι

65 2659 244 2723 criminibus
263 2663 339 2745 agit.
385 2658 489 2735 Quum
509 2663 591 2724 enirn
611 2681 727 2724 causae
743 2660 916 2743 synodales
936 2660 1049 2723 autad
1068 2656 1131 2723 cle·

65 2764 201 2824 ricorum
210 2761 469 2844 ecclesiarumque
478 2766 678 2844 pertinerent
689 2765 918 2843 inspectionem
934 2763 1130 2827 etvisitatio·

66 2885 149 2945 nem,
187 2871 243 2928 aut
268 2866 308 2928 ad
334 2864 488 2929 laicorum
516 2865 781 2944 emendationem,
818 2888 860 2928 ex
886 2886 991 2929 rerum
1017 2872 1131 2928 natura

67 2948 243 3030 distributio
261 2966 318 3029 illa
334 2967 478 3047 profecta
496 2976 559 3048 est,
582 2989 684 3047 neque
701 2966 842 3031 Martino
861 2952 1050 3031 Bracarensi
1067 2964 1129 3029 Re·

66 3071 135 3152 gino
163 3077 294 3133 auctore
323 3069 487 3155 egebat†)
519 3077 551 3133 et
576 3069 734 3151 exemplo.
786 3070 870 3132 Hinc
896 3070 971 3132 illae
997 3065 1129 3152 singulis

66 3174 261 3252 antepositae
290 3171 381 3235 libris
412 3175 633 3237 instructiones
666 3180 699 3236 et
724 3171 879 3236 formulae
905 3171 1129 3251 inquisitionis,

68 3274 172 3352 quibus
192 3277 356 3355 episeopus
375 3273 426 3337 vel
443 3275 580 3338 vicarius
604 3277 670 3338 eius
689 3275 819 3337 ducibus
838 3275 993 3356 synodum
1011 3271 1129 3365 habere

66 3384 183 3455 posset,
199 3375 271 3438 hinc
280 3384 549 3441 sacramentorum
561 3379 593 3438 in
607 3377 729 3457 syuodo
740 3375 958 3437 habendorum
971 3372 1128 3450 exemplo,

13 3554 24 3569 ·
69 3497 108 3539 ex
128 3477 249 3541 lorensi
262 3479 424 3543 ‚dioecesis
443 3476 649 3544 'l'reverensis
673 3477 914 3552 consuetudine,
938 3482 972 3537 ut
993 3473 1129 3551 videtur,

67 3582 212 3659 repetita,
239 3579 313 3644 hine
340 3582 475 3660 denique
503 3579 656 3662 epistolae
682 3577 757 3641 illae
789 3578 960 3657 formatae,
991 3572 1131 3639 Ratbodi

68 3678 292 3763 archiepiscopi
310 3676 520 3747 'l'reveren'sis
538 3685 658 3746 nomini
675 3683 855 3760 inscriptae.

127 3938 155 4002 *)
175 3943 216 3991 Cf.
225 3941 363 3990 Krite‘selce
373 3942 469 3990 Jahrb.
473 3945 528 4008 for
537 3941 658 3989 deutsche
669 3940 913 3990 accesseramus.
926 3936 1001 3989 18³8.
1012 3955 1036 4000 p.
1046 3940 1105 3987 485.

127 4039 173 4110 **)
193 4044 233 4092 (lb
245 4043 353 4104 Archiv,
365 4059 389 4104 p.
400 4046 457 4092 293.

127 4142 187 4206 ***)
207 4147 304 4210 Bec'tr.,
315 4163 338 4207 p.
348 4149 470 4233 1-331

127 4249 160 4312 †)
178 4250 237 4298 Hoc
248 4251 347 4309 quidem
358 4250 546 4297 contenderunt
555 4249 677 4296 Baluzius
688 4250 713 4296 in
722 4249 806 4297 Praei.
817 4250 849 4297 ad
859 4249 897 4296 ed.
907 4249 968 4307 Reg.
979 4262 1001 4294 e.
1012 4248 1090 4303 vnn,
1106 4246 1131 4294 et

66 4316 210 4378 Ballerinii,
221 4319 254 4366 de
262 4322 314 4366 ont.
325 4320 427 4369 collect.
436 4318 463 4364 P.
474 4319 515 4364 lV.
525 4332 547 4365 c.
558 4319 600 4367 11.
612 4314 637 4382 §.
648 4321 671 4366 2.
681 4317 814 4374 (Galland.
824 4320 853 4366 T.
863 4320 882 4366 l.
893 4331 918 4376 p.
929 4315 1007 4374 631.)Ι
