2594 4898
185 359 267 405 xm*
451 339 699 403 ranarum
721 337 939 404 antimus.

176 511 319 593 posita,
333 520 378 574 esi
391 509 575 594 Baginona
600 509 653 575 val
667 509 802 582 Burch.
828 508 883 573 v'al
900 508 1010 589 lvonis
1026 510 1182 579 Dacrcto
1200 509 1251 575 val

176 611 464 701 Panhormiarol
479 610 646 683 anselmo
664 635 737 677 esse
751 614 957 690 memmium,
971 619 1079 692 'atquc
1094 615 1147 677 ‚ita
1169 611 1252 681 houd

182 736 259 781 rara
280 714 360 781 mihi
380 718 528 800 contigit,
550 722 587 781 ut
608 719 724 781 samam
741 713 964 779 collectionum
985 728 1183 794 expoacram
1201 730 1252 781 c'o·

183 817 398 897 haerentium,
422 820 508 883 cuius
530 820 664 900 primum
680 817 819 902 Regino,
841 815 987 882 ultimum
1005 815 1179 883 Gratianus
1197 818 1251 883 oh·

184 921 267 985 tiuat
288 917 408 1000 locum,
432 929 465 985 et
486 922 519 985 in
542 943 603 1002 qua
622 923 710 1004 prior
731 919 879 984 collectio
900 940 1025 1001 semper
1044 920 1117 985 fons
1136 928 1187 986 est
1203 943 1251 987 se·

120 1078 122 1082 .
186 1024 321 1102 quantis.
378 1021 493 1088 Altera
507 1036 616 1104 'porro
646 1024 827 1102 adnotatio,
863 1024 1002 1087 numeria
1028 1025 1170 1106 signata,
1205 1032 1252 1089 cst

185 1125 311 1204 critica,
336 1126 370 1188 in
398 1147 491 1206 quam
516 1143 626 1190 omncs
652 1127 758 1189 varias
782 1122 935 1192 Codicum
958 1127 1066 1205 recepi
1086 1124 1251 1206 lectiones,

186 1226 296 1308 quibua
315 1225 394 1291 alius
411 1229 571 1309 profertur
583 1249 709 1301 sensum
727 1227 791 1290 alia
803 1227 902 1292 verba
916 1228 1050 1291 eandem
1062 1231 1252 1295 seutentiam

186 1331 396 1409 exprimentia
413 1338 482 1396 tum
498 1338 622 1397 tautum
638 1330 806 1410 subiunxi,
829 1338 923 1410 quum
941 1331 982 1393 ad
1000 1332 1251 1414 cognoscendam

186 1426 342 1497 Codicum
355 1436 586 1518 cognationem,
605 1440 638 1499 at
649 1436 836 1498 varietatem
850 1431 1139 1517 orthographicum,
1158 1456 1251 1514 quum

116 1592 118 1596 ,
183 1535 227 1601 ad
244 1534 410 1600 historiam
427 1536 672 1621 orthographiae
690 1536 809 1617 aliquid
825 1537 942 1600 afferro
958 1535 1037 1599 mihi
1053 1535 1249 1605 videbantur.

185 1634 233 1701 Ut
250 1644 358 1701 autam
372 1637 553 1719 methodus,
573 1660 634 1719 qua
650 1639 791 1703 fontibus
808 1659 883 1701 usus
901 1644 952 1701 ost
967 1635 1101 1720 Regino,
1120 1645 1154 1723 et
1169 1642 1250 1704 ratio

185 1738 299 1805 melius
318 1747 542 1824 cognoscatur,
561 1762 642 1822 quaa
660 1742 772 1827 existit
787 1743 872 1803 inter
888 1741 990 1819 ipsum
1008 1746 1040 1803 ot
1058 1739 1137 1805 alias
1156 1740 1250 1809 colla-

186 1843 324 1921 ctioues,
342 1850 376 1906 at
392 1841 518 1907 illorum
530 1851 568 1906 et
581 1842 692 1906 harum
704 1844 811 1906 varias
824 1843 951 1920 insuper
963 1841 1071 1906 addidi
1084 1841 1248 1911 lectionar.

61 1938 65 1942 ’
186 1940 277 2020 Quos
300 1944 435 2024 denique
456 1947 489 2010 in
506 1947 650 2029 margine
670 1947 810 2024 reperies
831 1947 1002 2024 impressos
1024 1966 1188 2024 numeros,
1210 1947 1249 2011 ai

184 2043 393 2112 Baiuziauam
413 2049 585 2127 respiciunt
605 2047 787 2122 editionem,
824 2068 943 2127 eosque
959 2047 1121 2112 addendos
1138 2051 1248 2113 existi·

184 2152 285 2229 mavi,
303 2157 339 2215 ut
354 2148 503 2213 facillimo
523 2152 626 2230 capita
643 2152 815 2214 secuudum
832 2149 921 2215 illam
937 2151 1034 2214 citata
1049 2152 1084 2213 in
1101 2149 1162 2214 hac
1179 2173 1248 2217 maa

185 2273 308 2333 quoque
324 2254 447 2332 possint
465 2253 583 2326 evolvi3
601 2251 780 2326 uhiautem
797 2250 902 2316 nullus
920 2254 1109 2337 inmargiuc
1124 2255 1245 2319 additor
1282 2288 1291 2399 Ι

185 2359 236 2419 est
252 2375 414 2434 numeror,
432 2357 615 2435 inutraque
632 2355 717 2420 idem
732 2362 784 2421 ast
794 2354 949 2420 editione.

267 2453 357 2521 Haec
379 2457 542 2522 hacteuus.
586 2457 769 2539 Iam‘,'quid
786 2458 1013 2538 praestiterim,
1029 2459 1123 2538 acqui
1140 2465 1176 2524 at
1192 2459 1250 2525 he·
1279 2468 1291 2575 t

183 2556 290 2624 novoli
307 2559 479 2629 diiudicent
495 2560 642 2633 lectores.
673 2582 676 2586 ·
1288 2604 1291 2611 ·

269 2658 455 2725 Scrihaham
471 2660 614 2725 Baroliui
628 2683 738 2727 mense
755 2661 897 2749 Augusto
1278 2614 1291 2873 1

364 2765 439 2827 anui
455 2761 783 2829 MDcccxxxlx.

580 3130 583 3137 Ι
648 3292 651 3297 Ι
751 3134 1204 3268 wasserscnleaen.
