2594 4898
390 346 469 425 Cap.
489 343 590 406 CCCX
601 380 640 391 -
653 345 807 407 cccxlv.
1065 349 1135 411 558

66 522 188 580 tumme
204 513 435 598 investigabam
447 512 533 602 ⁶²⁰).
579 512 784 594 Summopere
811 535 1000 594 praecavere
1020 516 1136 582 debent

61 626 208 682 rectores
226 607 446 696 ecclesiarum,
461 623 505 696 et,
524 618 576 696 qui
589 616 715 696 publiea
732 618 849 681 iudicia
868 627 1031 698 exercent,
1050 627 1086 683 ut
1102 622 1135 682 in

62 720 220 785 dictandis
237 722 404 784 sententiis
423 717 601 789 nullatenus
618 719 750 788 levitate
769 732 823 782 aut
840 721 947 784 furore
966 721 1053 784 ducti
1072 724 1135 785 sint

60 824 268 903 praecipites,
291 822 347 886 sed
370 823 472 886 causis
490 823 576 902 prius
594 820 763 906 diligenter
781 821 955 902 ventilatis,
980 846 1050 886 cum
1068 845 1133 903 res,

61 947 146 1008 quae
162 924 382 1009 ignorabatur,
400 922 536 1004 pleniter
553 924 593 986 ad
612 925 756 987 notitiam
776 927 914 1004 venerit,
933 939 1007 989 tunc
1026 928 1135 989 divina

63 1036 99 1092 et
119 1026 257 1091 humana
278 1026 337 1090 lex
358 1025 555 1104 revolvatur,
580 1033 613 1089 et
630 1027 800 1089 secundum
819 1028 901 1107 quod
920 1026 964 1090 ibi
982 1028 1134 1091 constitu·

47 1138 133 1196 ,tum
149 1137 214 1208 est,
233 1137 356 1194 remota
373 1150 580 1209 personarum
597 1131 792 1208 acceptione,
811 1127 975 1194 definitiva
989 1131 1132 1211 profera-

64 1240 118 1296 tur
143 1234 310 1296 sententia.
363 1231 449 1295 Hinc
478 1239 543 1310 est,
575 1232 658 1312 quod
684 1229 817 1313 Moyses
849 1231 995 1312 querelas
1026 1231 1132 1312 populi

62 1354 189 1414 semper
207 1334 247 1397 ad
263 1331 438 1399 Dominum
450 1335 539 1418 ⁶²¹),
556 1333 795 1398 tubernaculum
812 1336 990 1417 ingressus,
1012 1335 1132 1399 relere-

62 1435 136 1514 bat,
154 1443 188 1499 et
204 1439 296 1501 iuxta
314 1437 394 1516 quod
406 1434 563 1501 Dominus
581 1435 771 1516 imperabat,
791 1437 906 1499 iudicia
923 1437 1130 1518 proponebat,

63 1539 213 1603 nimirum
238 1559 296 1602 nos
323 1541 504 1617 instituere,
531 1545 649 1602 utnon
671 1559 714 1600 ex
738 1539 832 1601 corde
851 1546 977 1618 nostro,
1004 1541 1061 1604 sed
1088 1561 1132 1604 ex

62 1638 194 1703 oraculo
208 1641 279 1724 622)
303 1641 412 1704 divino
435 1641 706 1706 condemnationis
727 1639 779 1705 vel
799 1637 1032 1705 iustificationis
1058 1663 1131 1705 sen·

61 1744 198 1807 tentiam
214 1743 421 1823 proferamus.

334 1913 371 1980 C.
391 1912 571 1980 CCCXIII.
616 1913 670 1979 De
687 1915 796 1980 eodem
813 1938 860 1980 re.
1140 1933 1189 1978 eon

117 2052 173 2114 Ex
190 2051 291 2141 Lege
309 2050 581 2115 Theodosiana
599 2051 679 2114 Lib.
698 2051 763 2131 ll.,
784 2074 859 2131 cap.
879 2050 1023 2116 XVIll.
1038 2051 1075 2137 ¹¹).
1095 2040 1098 2045 ¹

149 2170 251 2235 ludex
274 2193 344 2235 cum
367 2193 494 2235 causam
516 2172 623 2235 audire
642 2173 797 2251 coeperit,
815 2171 1008 2253 litigatorum
1029 2192 1131 2234 asser·

61 2276 168 2339 tiones
190 2273 244 2337 vel
265 2275 485 2354 responsiones
507 2254 665 2354 patienter
688 2275 835 2353 accipiat,
859 2281 892 2334 et
914 2275 1021 2336 omnia
1037 2271 1131 2353 plena

61 2376 260 2440 discussione
283 2378 456 2457 perquirat,
485 2398 542 2439 nec
568 2377 654 2455 prius
677 2374 874 2460 litigantibus
893 2397 950 2438 sua
971 2377 1131 2438 sententia

60 2477 139 2542 velit
161 2478 307 2559 obviare,
336 2481 395 2541 nisi
418 2477 541 2558 quando
563 2479 639 2558 ipsi,
667 2481 801 2557 peractis
825 2477 985 2556 omnibus,
1011 2479 1130 2539 iamin

61 2583 267 2650 contentione
289 2580 426 2666 velffl)
451 2583 603 2645 concione
626 2600 689 2641 non
711 2577 894 2659 habuerint,
918 2579 1001 2659 quod
1016 2600 1130 2659 propo·

61 2690 142 2746 nant
154 2685 237 2768 ⁶²⁴).
273 2682 469 2764 Frequenter
486 2682 676 2765 interrogari
694 2688 832 2762 oportet,
851 2704 893 2746 ne
910 2680 1028 2762 aliquid
1038 2702 1130 2760 prae-

60 2787 242 2848 temnissum
259 2786 397 2850 fortasse
414 2791 586 2850 remaneat.

63 2952 101 3018 C.
123 2953 304 3048 cccrglv.
355 2955 523 3043 isa-quod
540 2963 576 3021 tn
593 2955 761 3060 Dnme'aam
783 2963 852 3043 quir
870 2967 1002 3040 peccat,
1025 2959 1188 3022 nullusero

476 3060 596 3125 donare
607 3067 720 3144 poscit.

325 3195 384 3259 Ex
402 3196 519 3260 dictis
537 3195 570 3262 S.
588 3196 812 3278 Hieronymi
826 3199 863 3282 ⁶).

147 3314 381 3380 Attendendum
404 3322 468 3397 est,
493 3337 553 3396 quo
571 3313 728 3379 Dominus
752 3318 825 3379 dicit
840 3315 981 3402 ⁶²⁶)†):
1003 3314 1043 3381 St
1055 3337 1130 3400 pec·

131 3573 954 3640 QoeffiMmeMAEQHMAEmfflflMQ

130 3641 1128 3712 QOEOENQfflmmmffleffl-wmssffifflfflffln

61 3711 129 3763 XIV.
139 3714 181 3762 85.
191 3711 254 3775 (B.):
263 3714 394 3791 With*
403 3712 548 3773 Augustini.

189 3804 487 3901 flmAEaffiaffi

103 3964 299 4027 edcccxtl.
323 3974 397 4040 620)
418 3969 573 4028 beatus-
616 3971 681 4029 uel:
705 3968 766 4030 des.
789 3972 864 4049 orig.
915 3973 992 4044 stt)
1022 3992 1128 4049 quous·

60 4054 294 4131 investigabam:
323 4053 383 4112 des.
408 4054 481 4112 eon.
511 4056 572 4112 citt.
617 4075 681 4132 que
700 4059 750 4115 rei
777 4060 888 4116 veritus
913 4060 1128 4135 perveniatur:

10 4166 17 4199 ι
60 4141 280 4214 sanemus:
292 4139 378 4199 Goth.
399 4145 573 4218 622lprae-
616 4139 683 4199 add.
701 4141 740 4200 ib.

10 4254 13 4283 z
48 4234 166 4304 cepto.-
185 4224 260 4283 Coll.
280 4227 342 4284 citt.
540 4303 543 4307 ·
659 4226 691 4284 C.
717 4225 869 4286 cccxlv.
898 4227 1126 4303 625)un1).

10 4336 13 4345 ·
101 4309 137 4371 C.
158 4308 312 4369 CCCXlll.
341 4314 414 4383 623)
439 4313 469 4369 ἐκ
492 4320 571 4370 cent.
617 4312 714 4368 dicut:
736 4310 812 4369 llild.
832 4309 894 4369 Bal.
