2594 4898
182 366 256 429 ruo
429 354 1007 423 nucruomnnasucuunus.
1075 448 1079 455 1

183 513 428 614 promoveantur
442 532 493 613 ⁸⁸)
524 526 565 593 ad
594 516 830 607 sacerdotium
860 548 906 592 ux
938 510 1064 613 regulis
1096 550 1245 597 canam

183 634 363 697 necessario
385 630 541 695 credimus
562 626 782 709 inserendum,
802 630 836 693 id
854 636 920 711 ert,
942 632 1049 711 quiin
1066 628 1174 713 aliquo
1191 636 1244 697 cri·

183 737 267 797 mine
286 733 403 797 ddeoii
428 738 516 811 sunt,
539 734 592 813 qui
616 732 766 795 infamiae
788 738 865 795 nola
881 732 1003 813 aspersi
1019 720 1099 797 eunt
1111 736 1179 819 ⁸⁴),
1200 738 1245 815 qui

183 832 306 899 scelera
324 833 430 915 aliqua
446 854 504 915 per
518 832 676 915 publicam
692 826 918 914 poenitentiam
931 822 1103 925 admisisse
1117 836 1246 899 confessi

184 946 272 1015 sani,
292 938 392 1017 quiin
410 935 557 999 haeresin
575 934 655 1015 lapsi
673 941 761 1015 sunt,
780 937 832 1015 qui
848 937 942 1021 in³⁵)
960 934 1091 1021 baeresi
1102 936 1246 1017 baptizati

185 1046 240 1103 ant
263 1037 451 1118 rebaptizati
468 1058 539 1101 erse
557 1040 810 1121 noscuntur³⁶),
828 1028 891 1117 ¹qui
916 1044 1019 1099 semet
1039 1040 1130 1117 ipson
1152 1038 1246 1103 abaci·

185 1141 312 1218 derunt,
340 1148 395 1201 aut
420 1138 606 1202 naturaliter
618 1140 669 1225 Μ)
691 1138 904 1202 membrorum
925 1137 1055 1201 defectu
1071 1138 1130 1203 vel
1147 1141 1186 1203 de
1202 1163 1247 1205 se·

186 1244 290 1305 ctione
307 1238 426 1321 aliquid
442 1243 545 1305 minus
562 1239 682 1303 babere
696 1248 884 1318 noscuntur,
901 1241 954 1319 qui
967 1241 1132 1305 secundae
1145 1245 1247 1306 uxoris

142 1340 147 1349 '
186 1345 437 1407 coniunctionem
454 1344 559 1407 sortiti
575 1348 662 1421 sunt,
686 1349 742 1405 ant
758 1363 925 1405 numerosa
940 1344 1091 1427 coniugia
1107 1344 1248 1425 frequen·

184 1450 348 1523 taverunt,
376 1446 428 1525 qni
444 1444 572 1507 viduam
589 1441 641 1507 vel
651 1440 679 1507 'a
700 1444 815 1507 marito
832 1442 976 1507 relictam
993 1444 1173 1524 duxerunt,
1199 1453 1249 1511 aut

185 1554 400 1626 corruptarum
426 1547 533 1611 mariti
553 1544 696 1623 luerunt,
719 1546 776 1625 qui
799 1532 987 1609 concubinai
1005 1546 1048 1609 ad
1064 1546 1249 1611 fornicatio-

184 1670 241 1713 nes
268 1646 460 1726 babuerunt,
497 1648 549 1728 qni
574 1644 681 1709 servili
708 1646 881 1709 conditioni
910 1646 1045 1709 obnoxii
1071 1654 1180 1739 sunt„
1202 1650 1249 1729 qui
1278 1724 1281 1731 Ι

180 1738 285 1833 ¹ignoti
306 1755 393 1827 suni,
418 1750 470 1829 qui
492 1746 644 1831 neophyti
664 1744 718 1811 vel
738 1746 813 1811 laici
826 1756 917 1828 'sunt,
941 1750 994 1829 qui
1016 1738 1249 1815 amularium·

53 1920 58 1927 ¹
183 1852 248 1914 liae
270 1850 369 1913 dediti
386 1859 469 1929 sunl,
487 1840 662 1931 qui'curiae
680 1848 816 1913 nexibus
834 1848 968 1935 obligati
984 1858 1073 1931 suut,
1093 1854 1149 1932 qni
1163 1854 1250 1917 inscii

181 1948 350 2014 literarum
367 1958 453 2029 sunt,
477 1952 531 2031 qni
548 1952 685 2015 nondum
705 1954 746 2016 ad
764 1954 894 2035 triginta
910 1973 1011 2017 aanor
1027 1962 1248 2035 pervenerunt,

185 2055 236 2131 qai
257 2074 315 2132 per
335 2053 451 2136 gradus
474 2052 704 2117 ecclesiasticos
726 2075 791 2116 non
808 2062 1022 2133 accesserunt,
1049 2056 1106 2135 qni
1132 2054 1249 2121 arnbitn

184 2152 338 2218 honorem
353 2164 518 2235 quaerant,
533 2156 586 2236 qui
597 2154 778 2218 muneribus
790 2154 945 2219 bonorem
957 2155 1106 2221 obtinere
1120 2156 1248 2223 moliun-

92 2324 98 2337 ,
183 2264 250 2335 ίιιι,
269 2259 322 2337 qui
339 2280 360 2321 a
376 2256 595 2321 decessoribus
611 2257 645 2319 in
669 2257 876 2321 sacerdotium
894 2256 1064 2343 eliguntur.
1112 2258 1180 2325 Sed
1196 2283 1249 2325 nac

184 2358 241 2443 ille
269 2359 415 2439 deinceps
442 2359 591 2422 sacerdos
618 2360 693 2437 erit,
723 2380 817 2439 quem
843 2380 902 2449 nec
920 2358 1021 2423 clerus
1039 2380 1103 2425 nec
1119 2360 1249 2443 popular

180 2460 329 2541 propriae
356 2462 490 2523 civitatis
517 2457 694 2545 elegum,
726 2481 786 2524 nec
816 2463 988 2525 auctoritas
1013 2462 1250 2545 monopolitan

184 2560 239 2625 vel
264 2560 574 2641 comprovincialium
600 2563 800 2625 sacerdotum
831 2564 1040 2647 auenuoss)
1072 2566 1248 2647 exqm'rieit·

179 2660 369 2743 Quicunque
385 2666 483 2746 igitur
500 2663 646 2744 deinceps
661 2662 703 2736 ,ad
722 2663 865 2727 ordinem
877 2664 1048 2729 sacerdotii
1060 2666 1248 2745 postulatur,

186 2772 219 2829 et
239 2766 273 2828 in
292 2764 361 2843 bis,
383 2786 462 2843 quae
486 2764 644 2844 praedicta
667 2775 756 2845 sunt,
774 2768 964 2847 exquisitus,
980 2768 1017 2831 in
1033 2766 1125 2832 nullo
1144 2768 1248 2835 born!

183 2863 399 2943 deprehensus
424 2866 535 2944 luerit,
562 2869 778 2946 examinatus,
804 2866 962 2949 probabili
981 2870 1052 2933 vita
1073 2880 1174 2953 nique
1198 2870 1247 2935 do·
1283 2906 1287 2918 ·

185 2966 288 3028 cirine
314 2967 473 3046 extiterit,
506 2976 579 3030 tuuc
605 2969 777 3033 secundum
802 2968 971 3052 synodalia
996 2968 1051 3034 vel
1078 2970 1247 3039 decretalis
1278 2930 1287 3039 l

178 3066 359 3131 'constituta
377 3090 445 3132 oum
467 3070 607 3133 omnimn
626 3068 810 3135 clericorum
826 3070 879 3135 vel
897 3072 1011 3135 civium
1027 3072 1197 3139 voluntale
1211 3070 1247 3137 nb

88 3215 90 3219 -
183 3170 340 3234 universis
359 3170 673 3252 comprovincialibus
691 3174 860 3252 episcopis,
880 3180 937 3237 aut
957 3181 1044 3237 certe
1063 3196 1085 3239 a
1102 3176 1246 3241 tribnr'n

184 3272 397 3337 sacerdotium
414 3274 465 3337 die
483 3274 639 3337 dominica
657 3274 906 3353 consecrabitur,
924 3276 1168 3341 conniventibus
1182 3274 1246 3341 lile·

184 3376 229 3437 ris
246 3376 311 3439 suis
329 3378 459 3453 ceteris,
477 3378 528 3455 qai
546 3374 694 3438 abuentes
711 3384 800 3455 sunt,
823 3388 855 3439 et
871 3378 973 3460 magis
991 3381 1185 3445 auctoritate
1199 3372 1246 3441 vel

184 3481 367 3557 praesentia
387 3478 469 3556 οἰιιι,
493 3478 543 3557 qui
565 3483 615 3540 ost
634 3478 668 3539 in
689 3476 858 3557 rustropoli
873 3480 1078 3543 constitutus.
1122 3480 1245 3561 Epiron-

185 3599 243 3657 pus
270 3584 375 3641 autem
400 3600 470 3641 cum
498 3576 813 3659 courprovincialibuu
845 3580 1079 3643 consecrandus
1106 3590 1173 3661 ert,
1196 3580 1245 3645 nbi

185 3678 446 3759 metmpolitanas
467 3678 613 3764 elegerin
635 3680 898 3759 metropolitauus
919 3689 1027 3745 autem
1046 3702 1115 3746 uon
1136 3684 1244 3747 nisiiu

185 3780 314 3844 civitate
334 3781 517 3862 metropoli,
546 3781 861 3862 comprovincialibus
886 3783 1005 3846 ibidem
1031 3786 1244 3849 convenienti·

228 4034 260 4091 C.
283 4033 348 4093 Xll.
380 4040 433 4105 33)
453 4040 693 4113 prr‘mooenturc:
737 4040 792 4117 35)
819 4043 1067 4101 haeresin-iu.-
1097 4042 1159 4103 des.
1186 4042 1242 4101 Bul.
1280 3996 1287 4093 l

184 4116 305 4197 Guelpb.
334 4118 455 4192 Vinum,
481 4128 602 4181 uenturi
624 4135 696 4184 sum
736 4130 790 4197 36)
814 4137 973 4187 notantur.-
998 4126 1070 4185 ibid.
1115 4132 1171 4199 37)
1194 4146 1243 4187 uu·

185 4205 278 4263 tales.-
328 4204 404 4263 llild.
456 4214 510 4278 (ex
554 4206 690 4287 Gualpb.)
737 4213 846 4269 rurali.-
861 4213 935 4289 orig.
959 4211 1241 4289 eamugermflu

185 4290 237 4355 34)
253 4292 436 4368 perstituri:
452 4290 690 4371 Guelpb.Vienn.
736 4300 788 4371 39)
809 4300 956 4356 ccccmo:
975 4294 1045 4356 ibid.
1282 4286 1289 4397 l
