2594 4898
237 376 255 403 .·
363 341 449 424 App.
467 341 519 404 lll.
537 361 609 424 cap.
627 299 733 404 LVlll.
994 342 1085 421 ,too

88 519 148 578 itur
164 509 243 577 Sors
259 510 493 593 apostolorum,
511 533 617 593 apocr.
661 509 760 575 Liber
776 507 924 596 Lusafl)
942 508 1081 592 apostoli

88 637 120 680 tr.
163 612 278 694 Liber,
296 616 349 694 qui
366 613 544 695 appellatur
561 611 710 678 Capones
727 610 955 694 apostolorum,
972 633 1079 693 apocr.

88 739 112 809 ιεΙ
126 715 341 802 Physiologus
362 717 403 781 ab
426 715 596 781 haereticis
609 710 823 807 'conscriptum
846 722 880 779 et
898 712 1080 780 beatiam-

88 822 111 884 ii
127 822 256 884 uouunc
274 821 507 903 praesignatus,
526 841 633 899 apocr.
676 817 822 883 Historia
837 817 970 883 Eusebii
985 817 1080 883 Parn-

88 967 99 1002 ,
117 944 224 1003 apocr.
253 921 414 1003 Opuscula
432 920 625 985 Tertulliani
642 924 708 986 sive
726 919 868 984 Africani
881 921 953 999 ⁷²),
972 939 1078 1000 apocr.

88 1023 171 1089 scula
196 1024 394 1088 Postumiani
420 1032 455 1088 et
476 1023 564 1088 Galli
589 1045 695 1105 apocr.
744 1021 908 1105 Opuscula
928 1018 1079 1085 Moutani

88 1125 224 1193 riscillae
242 1140 276 1192 ct
293 1125 496 1191 Maximillae
512 1147 620 1207 apocr.
664 1124 826 1206 Opuscula
844 1127 950 1189 omnia
966 1124 1079 1188 Fausti

89 1228 191 1294 ichaci
216 1251 321 1311 apocr.
338 1231 402 1314 Η).
455 1227 618 1309 Opuscula
643 1227 774 1293 alterius
802 1225 977 1292 Clementis
1001 1224 1079 1291 Alc·
1129 1244 1148 1305 J

88 1332 160 1397 lriui
181 1353 288 1413 apocr.
301 1334 363 1416 Η).
409 1328 571 1411 Opusoula
590 1329 736 1394 Cassiani
757 1330 937 1414 presbyteri
955 1327 1078 1394 Gallia·

94 1456 201 1517 apocr.
246 1431 409 1517 Opusoula
429 1431 588 1499 Victorini
604 1433 814 1499 Pictaviensis
830 1454 937 1514 apocr.
973 1430 1078 1513 Opus·

102 1540 209 1602 omnia
230 1536 340 1602 Fausti
361 1536 527 1621 Regiensis
550 1534 727 1601 Galliarum
754 1557 860 1617 apocr.
914 1530 1077 1615 Opuscula

88 1641 181 1704 nentii
193 1641 244 1725 ⁷⁵)
263 1661 369 1720 apocr.
394 1636 539 1719 Epistola
556 1636 629 1702 lesu
648 1639 687 1703 ad
699 1638 884 1725 Abngarum
897 1640 950 1720 Η5)
969 1656 1075 1717 apocr.

88 1742 153 1807 tola
176 1741 384 1828 Abagariad
409 1740 514 1805 lesum
546 1762 652 1821 apocr.
704 1742 815 1806 Passio
843 1739 1016 1824 Cyricill)
1042 1744 1078 1803 ct

88 1866 121 1908 ue
139 1866 246 1926 apocr.
291 1843 403 1909 Passio
423 1842 553 1929 Georgii
571 1865 677 1925 apocr.
723 1843 900 1925 Scriptura,
920 1863 1001 1925 quae
1020 1862 1076 1922 ap-

88 1954 140 2011 tur
157 1946 339 2012 Salomonis
358 1945 588 2027 contradictio,
606 1968 711 2028 apocr.
737 1944 940 2030 Phylacteria
957 1945 1074 2022 omnia,

105 2070 168 2113 uon
186 2047 381 2135 angelorum,
398 2056 433 2112 ut
450 2046 497 2112 illi
515 2047 711 2135 confingunt,
729 2049 786 2113 sed
804 2049 992 2112 daemonum
1002 2066 1074 2111 ma·

88 2151 255 2216 cornicibus
268 2154 319 2237 18)
339 2153 516 2232 conscripta
532 2160 623 2233 suut,
649 2171 754 2233 apocr.
797 2150 889 2214 Haec
910 2158 944 2214 et
965 2147 1014 2213 hir
1031 2150 1074 2212 si·

88 2278 109 2334 ι,
132 2276 212 2336 quae
234 2254 344 2318 Simon
362 2250 496 2338 Magus,
518 2251 687 2334 Nicotaus,
711 2251 896 2332 Corinthus,
914 2248 1073 2330 Marcion,
1188 2249 1198 2258 ”

88 2355 178 2437 lides,
204 2356 325 2436 Ebiou,
352 2354 470 2421 Paulus
488 2359 583 2422 etiam
603 2356 844 2434 samosatenus,
868 2353 1022 2418 Photinus
1040 2360 1074 2416 et

88 2481 166 2539 rsus,
193 2461 246 2540 qui
271 2458 368 2523 simili
394 2481 502 2523 errore
530 2460 728 2539 deiecerunt,
754 2457 929 2522 Montanus
951 2476 1073 2537 quoque

91 2563 158 2626 suis
176 2561 431 2626 obscoenissimis
448 2560 652 2642 sequacibus,
674 2560 902 2642 Appollinaris,
925 2556 1073 2623 Valenti·

88 2665 147 2727 sive
165 2661 391 2742 Manichacus,
412 2663 564 2743 Faustus,
588 2662 762 2743 Sabellius,
784 2662 895 2742 Arius,
917 2660 1072 2725 Macedo·

88 2816 89 2831 .
113 2764 302 2846 Eunomius,
324 2764 486 2846 Novatus,
510 2765 697 2845 Sabbatius,
723 2764 941 2842 calistusw),
964 2760 1073 2826 Dona·

88 2874 111 2932 st
131 2866 309 2948 Eustatius,
331 2867 539 2948 Nibiniauus,
565 2867 729 2954 Pelagius,
756 2866 898 2932 lulianus
924 2866 1072 2930 Edanen-

88 2971 127 3055 l),
145 2967 341 3051 Coelestius,
361 2968 592 3052 Maximianus,
610 2969 827 3035 Priscillianas
846 2969 885 3034 ab
902 2968 1071 3049 Hispania,

88 3072 209 3156 pedius,
228 3070 418 3149 Dioscorus,
436 3074 605 3158 Eutycius,
623 3071 737 3137 Petrus
755 3079 788 3137 et
806 3070 886 3137 alius
903 3070 1035 3151 Petrus,
1053 3092 1071 3135 e

88 3197 113 3238 rs
148 3195 228 3245 unus
258 3174 503 3256 Alexandriam,
539 3173 618 3239 alius
652 3173 856 3240 Antiochiam
890 3173 1070 3252 maculavit,

88 3279 156 3341 ttius
184 3274 554 3363 constantinopolitanus
582 3299 661 3342 cum
679 3275 879 3343 consortibus
904 3277 985 3354 suis,
1012 3297 1071 3339 uec

92 3385 125 3443 et
151 3370 259 3443 omnes
286 3378 434 3463 haereses
447 3383 518 3461 81),
546 3401 622 3461 quas
648 3381 710 3462 ipsi
731 3400 900 3461 eorumque
927 3360 1070 3459 discipuli

93 3480 284 3546 schismatici
306 3483 480 3552 docuerunt
504 3481 557 3547 vel
582 3484 830 3565 rescripserunt,
855 3501 988 3563 quorum
1012 3501 1071 3544 uo·

91 3690 195 3767 LVlll.
219 3712 271 3782 71)
292 3706 455 3769 sic'Burcb.
472 3708 512 3770 lv.
555 3712 657 3770 Arovi
681 3728 784 3789 apocr.
814 3711 919 3788 opusc.
954 3709 1072 3768 Tieonii

89 3790 511 3868 Guu.‚naus.·Meuin,1us.·
557 3815 692 3878 uppem:
705 3792 772 3857 add.
799 3792 868 3852 ibid.
914 3792 968 3874 ⁷5)
990 3795 1068 3854 Fru-

88 3879 253 3950 ,Lusonae
274 3881 398 3958 (Apoet.
417 3888 511 3955 om.).·
556 3883 649 3940 menti
664 3882 761 3942 coesi.-
778 3878 847 3939 ibid.
888 3882 940 3951 76)
960 3878 1068 3957 Agla·

109 3968 162 4036 72)
184 3966 307 4023 Tertull.
319 3984 420 4043 apocr.
434 3968 512 4044 Ope·
555 3985 636 4026 rum:
673 3965 755 4026 Grat.
814 3967 871 4043 77)
909 3967 1066 4042 Qurhr'caos

91 4050 247 4109 lactantii
255 4053 317 4109 sive
326 4048 417 4123 Afra:
432 4051 510 4129 llisp.
555 4049 661 4114 Burcb.
707 4057 758 4125 78)
780 4062 865 4111 arte:
887 4050 968 4111 Grat.
1012 4049 1066 4124 79)

88 4135 212 4213 peccalo
225 4137 428 4196 Commodiani
440 4156 512 4216 opo·
558 4139 739 4199 Caelestem:
760 4135 831 4195 ibid.
866 4140 933 4208 Ι80)
956 4133 1013 4192 Iul.
1036 4141 1070 4190 et

88 4216 145 4278 cdd.
169 4217 240 4279 ibid.
281 4219 336 4299 74)
366 4223 512 4301 opusculo
554 4224 725 4283 badense.-
753 4220 823 4281 ibid.
874 4225 933 4292 81)
961 4219 1067 4281 toea

88 4307 104 4365 's'
120 4306 269 4385 Cypriani
279 4326 383 4386 apocr.
403 4308 508 4386 Opusn
554 4309 709 4368 sr‘arebce:
729 4306 808 4385 llisp.
928 4358 932 4365 .
