2594 4898
181 335 255 399 ooo
426 301 1007 404 nncinomnoasacnnoos.

344 501 382 566 C.
402 496 578 565 CLXXX.
621 499 706 564 Item
724 500 764 563 dc
780 496 1087 604 moctimouiultltur.

489 637 547 699 Ex
569 635 698 699 codem
716 631 890 698 Concilio
904 639 939 720 ἲ),

252 722 526 820 ‘sanctimonialis
539 758 611 831 ³⁹³)
631 757 657 818 si
675 775 732 835 pro
749 752 838 817 lucro
856 756 981 819 animae
999 774 1081 817 suae
1093 754 1170 836 Ἠ)
1188 776 1243 818 cun

182 860 312 923 licentia
348 859 530 922 abbatissae
559 878 637 920 suae
666 857 706 919 ad
739 855 824 919 aliud
859 859 1090 920 monasterium
1125 877 1245 939 purgem

183 961 457 1043 disposuerit³⁹⁵)
484 959 666 1038 ibidemque
694 978 910 1036 commanere,
942 959 1091 1021 (lucravit
1117 948 1245 1040 synodos

183 1063 325 1126 concedi.
379 1061 416 1124 Si
442 1082 517 1124 vcro
544 1061 619 1144 fuga
646 1058 830 1140 discipliuae
861 1059 957 1123 alium
984 1059 1095 1125 locum
1123 1062 1246 1142 quaerit,

182 1167 287 1228 rodim
306 1171 450 1248 cogatur.

441 1332 478 1399 C.
497 1334 689 1400 CLXXXI.
733 1334 788 1400 De
805 1333 995 1403 concubinis.

406 1471 465 1536 Ex
490 1469 663 1551 Epistola
689 1463 830 1535 Leonis
856 1456 980 1554 Papae
995 1474 1031 1556 ¹).

269 1588 344 1655 Non
367 1591 468 1653 omnis
491 1580 605 1653 mulier
625 1591 696 1653 viro
719 1582 886 1654 coniuncta
908 1611 993 1655 uxor
1013 1598 1065 1655 est
1082 1594 1164 1673 viri,
1188 1594 1247 1673 quia

185 1715 249 1758 non
273 1695 374 1756 omnis
396 1690 480 1756 filius
503 1691 596 1756 horos
619 1675 674 1756 ost'
690 1693 799 1772 patris.
844 1693 956 1772 Itaque
979 1691 1068 1756 aliud
1090 1704 1145 1759 ast
1166 1716 1247 1771 uxor,

186 1794 271 1857 aliud
293 1793 483 1872 concubina,
506 1796 586 1857 siout
608 1790 694 1857 aliud
716 1793 848 1874 ancilla,
872 1801 905 1858 et
927 1793 1012 1857 aliud
1028 1793 1151 1860 libera.
1193 1796 1248 1860 Aa·

186 1895 292 1958 oillam
310 1898 416 1976 itaquo
433 1918 454 1957 a
471 1895 564 1959 thoro
582 1896 736 1976 abiiooro,
754 1907 787 1961 ot
802 1917 937 1960 uxorem
956 1903 1065 1960 certae
1077 1896 1249 1981 ingenuita-

186 1999 228 2061 tis
251 2000 409 2078 accipere,
432 2019 495 2060 non
518 1996 689 2078 duplicatio
712 2001 866 2084 coniugii,
893 1999 950 2062 scil
971 1996 1138 2079 proiectus
1161 1998 1249 2062 liono-

175 2102 277 2192 *statis
295 2111 355 2163 ost.
401 2098 541 2163 Dubium
559 2102 644 2163 enim
662 2122 730 2164 non·
744 2109 808 2180 ost,
828 2122 899 2164 cam
916 2099 1084 2164 maliorom
1104 2122 1171 2165 non
1187 2121 1248 2181 por·

186 2203 288 2266 tincto
306 2202 346 2265 ad
364 2203 614 2281 matrimonium,
637 2204 671 2266 in
691 2224 751 2283 qua
768 2205 900 2267 docetur
917 2202 1060 2283 nuptiale
1078 2224 1147 2268 non
1164 2204 1249 2266 fuisso

186 2306 370 2385 mysterium
383 2308 476 2383 ³⁹⁶),
504 2306 565 2367 nisi
586 2305 668 2368 forto
690 2301 746 2369 illa
767 2305 880 2368 mulier
901 2313 935 2368 ct
948 2306 1095 2388 'ingonua
1118 2306 1205 2369 facta
1225 2312 1250 2366 ct

187 2405 297 2469 dotata
310 2405 451 2489 legitimo
461 2412 498 2468 'ct
511 2408 544 2468 in
553 2409 625 2489 ³⁹³)
643 2405 776 2486 publicis
790 2409 905 2487 nuptiis
919 2405 1091 2470 honestata
1103 2408 1250 2472 videatur.

209 2571 247 2638 C.
272 2572 479 2641 CLXXXII.
537 2578 583 2642 Ut
608 2579 647 2644 dc
669 2586 862 2663 captivitate
886 2576 1083 2654 venientibus
1111 2582 1235 2642 maritis

459 2701 578 2744 mores
589 2689 744 2765 propriae
761 2683 985 2761 reformentur.

500 2816 558 2880 Ex
575 2817 748 2911 Epistola
766 2816 951 2901 Leonist).

276 2931 369 3008 Quod
392 2935 529 2998 debeant
550 2937 702 3016 feminac,
725 2957 822 3016 quiae,
840 2939 945 3022 'captis
961 2937 1038 3000 virito
1056 2943 1091 3001 ot
1108 2938 1145 3001 in
1163 2936 1253 3016 capti·

259 3180 285 3224 C.
304 3180 430 3226 CLXXX.
465 3181 489 3241 r)
508 3183 595 3229 Conon
606 3182 778 3241 Triburiens.;
794 3179 827 3230 cl.
838 3184 916 3251 qino.
927 3182 1028 3229 Tribur.
1038 3195 1061 3229 e.
1072 3182 1116 3226 26.
1126 3205 1161 3215 -
1169 3178 1255 3227 Burei.

190 3247 255 3294 11111.
266 3246 307 3293 22.
316 3249 381 3308 (B.),
400 3249 477 3295 Dect.
487 3251 540 3296 1111.
553 3252 596 3296 42.
610 3250 676 3313 (B.),
696 3263 717 3297 c.
727 3251 786 3300 XX.
796 3253 853 3310 (1.4.
864 3265 886 3299 c.
897 3254 933 3311 1.,
952 3263 1032 3297 omm:
1051 3246 1099 3295 Ea·
1109 3248 1189 3298 Cone.
1202 3247 1255 3293 Tri·

171 3329 173 3332 ’
191 3315 246 3363 lucr.
266 3315 362 3372 (Bettr.
373 3334 396 3377 p.
408 3319 488 3375 NL).

260 3386 287 3429 C.
305 3386 442 3433 CLXXXI.
478 3384 500 3446 o)
518 3387 641 3445 Exoerpt.
654 3399 689 3433 ex
703 3387 751 3446 Ep.
767 3388 799 3433 ad
812 3387 945 3433 Rusticum
960 3387 1126 3432 Narbonem.
1139 3398 1195 3444 ep„
1214 3395 1257 3430 sor.

105 3470 111 3479 ¹
191 3466 251 3501 ann.
261 3454 318 3498 458.
329 3453 377 3502 vel.
387 3457 458 3514 459„
470 3469 493 3501 c.
502 3457 528 3503 4.
538 3457 561 3501 5.
571 3456 623 3513 (ap.
633 3454 740 3514 Dionys.
751 3456 939 3502 interDecreta
953 3467 975 3500 c.
986 3455 1026 3500 18.
1037 3454 1107 3512 19.);
1121 3467 1145 3502 c.
1155 3456 1192 3501 L:
1207 3451 1257 3498 Non

191 3522 407 3581 omnio—libero.
417 3547 452 3556 -
462 3523 573 3570 Dubium
582 3546 617 3559 --
625 3521 767 3569 honestata
775 3524 897 3570 uideatur
902 3537 914 3581 ,·
926 3537 948 3570 c.
959 3525 995 3569 5.:
1005 3518 1257 3567 Ancillam-Im·

191 3591 271 3636 statio
286 3597 334 3637 ert.
343 3615 377 3627 -
387 3590 452 3636 Cnll.
465 3591 545 3639 Dach.
560 3593 579 3639 1.
594 3593 635 3639 62.
649 3593 689 3639 63.
705 3591 799 3652 (tons),
817 3592 879 3639 Ans.
889 3592 944 3640 cled.
953 3592 1007 3636 Vll.
1017 3591 1059 3637 29.
1071 3589 1115 3638 30.
1125 3612 1162 3624 -
1171 3584 1257 3635 aura.

191 3656 235 3775 11121.
245 3657 352 3770 holm.
363 3660 413 3721 1.),
422 3660 498 3709 Dccr.
508 3661 572 3706 Vlll.
583 3662 640 3706 139.
649 3660 713 3721 (B.),
722 3660 785 3708 Pan.
796 3660 837 3707 Vl.
848 3660 888 3708 35.
900 3655 956 3724 (D.)
965 3682 1000 3694 -
1012 3658 1040 3703 C.
1049 3657 1164 3705 XXXII.
1174 3672 1199 3716 q.
1209 3658 1230 3704 1.
1238 3666 1257 3701 t.

262 3794 288 3838 c.
308 3793 457 3844 CLXXXII.
492 3797 514 3857 t)
532 3795 669 3855 Inscriptio
679 3795 771 3855 copiti·
782 3798 804 3844 1.
814 3796 896 3856 Epist.
906 3794 1000 3843 Leonis
1010 3794 1041 3840 nd
1051 3789 1176 3841 Nicotaus
1186 3790 1258 3850 noct·

236 3941 270 4001 C.
295 3942 435 4004 CLXXX.
467 3951 544 4017 393)
573 3951 706 4031 virgines
749 3951 861 4018 corint,
882 3947 1077 4025 quaesierunt,
1103 3952 1258 4023 coguntur.

195 4046 318 4090 sacrae:
342 4030 414 4087 Coll.
435 4032 496 4088 citt.
541 4036 617 4108 394)
632 4052 705 4110 pro·
793 4034 826 4091 C.
847 4031 1003 4091 CLXXXI.
1032 4034 1109 4102 396)
1134 4024 1260 4091 min&

192 4121 264 4189 pter
282 4115 493 4174 dtitrmtiorcm
510 4118 615 4176 vitam:
638 4116 704 4174 add.
748 4122 840 4179 rium:
864 4117 986 4194 Goclpln
1010 4115 1121 4174 Vicnn.
1146 4114 1259 4175 flotano

195 4197 234 4255 ib.
271 4202 345 4268 395)
361 4202 575 4278 disposuerint:
593 4203 642 4273 ila,
662 4204 704 4260 sic
748 4203 810 4263 Bal.
855 4207 930 4278 397>
949 4201 1050 4261 deest:
1071 4200 1113 4259 io.

197 4302 309 4365 quoquc
328 4285 356 4343 in
375 4286 577 4365 sequentihus:
603 4290 704 4346 decre-
798 4342 804 4355 ,
