2594 4898
192 368 266 433 sot
437 365 601 427 REGINO
624 362 756 427 LlBllll
779 363 1026 427 SECUNDUS.

141 596 149 606 ,
194 533 464 601 Chalcedonensis
480 533 608 598 concilii
625 535 671 597 cis
689 536 884 615 opponentes
892 536 938 618 ²²),
960 533 1014 599 ubl
1034 534 1166 627 dlcilurt
1195 536 1254 602 Cle·

105 654 108 660 ·
192 644 275 702 ricco
296 644 332 702 ἐκ
352 639 488 702 ccclesia
509 638 769 703 administrantes
789 643 825 702 in
846 638 983 701 alterius
1000 642 1151 703 creme
1167 641 1254 703 eccle

191 748 243 809 cic
263 748 403 805 statuam
414 738 502 819 fleri
520 759 581 803 non
607 731 745 825 oportet,
771 745 806 829 et
825 740 991 820 sequentia
1011 740 1157 805 invidiae
1176 741 1253 804 oblo-

190 843 332 906 scatione
346 844 396 919 Η)
415 838 581 906 abolentes
593 843 660 926 58),
686 840 742 905 ubi
763 839 812 903 illi
829 841 1047 922 excipiuntur,
1075 842 1130 923 qui
1149 864 1191 907 ex
1207 865 1253 906 ne·

189 936 341 1007 'cessitate
359 944 399 1008 ad
417 941 512 1006 aliam
531 940 697 1007 ecclesiam
715 944 910 1007 transierint.
953 940 1078 1028 Magna
1092 946 1252 1032 itaqueit)

191 1047 384 1109 necessitate
402 1030 618 1125 complectitur
629 1045 694 1130 ⁶⁰),
713 1046 766 1125 qui
783 1044 867 1108 tarne
886 1046 1128 1131 constringitur,
1151 1049 1254 1129 et,qu

192 1148 307 1212 IniurIa
323 1153 462 1210 arctatur
480 1148 697 1228 insipientiae,
725 1168 802 1227 opus
820 1146 916 1211 babet
931 1143 1023 1210 refici
1041 1148 1190 1213 doctrina
1205 1149 1255 1213 rei·

192 1251 309 1313 entiae.
370 1246 459 1313 Inter
483 1248 650 1333 fugitivum
679 1247 812 1329 denique
842 1256 874 1312 et
898 1249 1075 1333 studiosum
1104 1259 1197 1314 caute
1221 1249 1255 1314 ab

191 1351 340 1432 episcopo
357 1350 505 1415 discretio
523 1352 657 1432 prospici
675 1350 786 1430 debet,
809 1360 845 1415 ut
861 1346 913 1415 llle
930 1347 1037 1414 locum
1056 1348 1254 1417 delitescendi
1287 1307 1289 1420 l

191 1473 255 1516 non
277 1454 435 1532 inveniat,
462 1455 516 1516 isti
536 1474 629 1532 vero,
654 1449 761 1515 locum
782 1453 813 1515 in
835 1451 947 1515 molius
964 1463 1090 1517 mutare
1108 1463 1144 1518 et
1160 1456 1206 1520 ire
1221 1454 1255 1518 de
1287 1442 1289 1457 ¹

189 1556 306 1620 virtute
323 1557 355 1619 in
373 1557 532 1635 virtutem,
563 1553 786 1619 offendiculum
804 1573 868 1618 non
886 1563 1074 1635 opponatur,
1108 1556 1165 1620 sed
1183 1559 1255 1620 cari·

189 1658 265 1720 tntis
282 1656 454 1735 adiutorio,
477 1678 557 1739 quae
575 1678 731 1736 nunquam
749 1656 884 1737 excidit,
910 1653 1105 1723 sublevetur.
1152 1658 1254 1743 Igitur,

189 1754 218 1820 si
235 1756 285 1838 pie
304 1764 335 1820 et
352 1755 436 1835 iuste
453 1765 541 1821 recto
560 1758 728 1822 currebant
745 1757 897 1823 hactenus
915 1756 998 1823 viam
1016 1760 1150 1826 tramite
1163 1763 1254 1839 viter,

56 1858 64 1865 ’
189 1866 222 1921 et
239 1880 296 1939 pro
313 1856 466 1941 religione
482 1859 673 1939 perfectiora
691 1869 842 1942 expetere
863 1858 936 1925 loca
953 1858 1118 1927 licentiam
1136 1864 1183 1929 eis
1199 1884 1255 1926 non
1287 1892 1289 1897 ·

189 1959 405 2045 denegandam
423 1982 495 2024 esse
513 1963 702 2025 censuimus.

60 2202 90 2247 p,
99 2203 129 2249 n.
138 2201 179 2250 ³1.
407 2161 445 2229 C.
463 2160 615 2230 XXXII.
660 2164 714 2232 De
731 2166 802 2232 odio
823 2168 1036 2255 infratre1).
1282 2188 1289 2325 p

273 2317 400 2399 Siquis
422 2319 529 2383 odium
552 2319 815 2385 conbalratrern
839 2340 932 2383 suum
957 2321 1074 2385 iniuste
1101 2321 1256 2404 babuerit,
1287 2382 1289 2395 ,

186 2417 271 2485 bunc
292 2417 382 2485 Deus
404 2440 498 2485 anuo
520 2428 650 2502 separat
669 2442 784 2506 regno,
811 2444 831 2485 a
851 2421 944 2486 coelo
966 2421 1161 2507 substrahit,
1187 2427 1258 2507 quis

187 2522 295 2587 odium
311 2544 370 2587 nec
385 2525 532 2603 passione
550 2525 580 2587 ei
598 2523 756 2603 adimitur,
775 2546 834 2589 nec
845 2526 1000 2608 martyrio
1018 2528 1185 2608 expiatur,
1203 2548 1258 2593 uec

185 2626 339 2708 sanguino
365 2624 437 2689 fuso
463 2624 596 2690 deletur.
640 2624 839 2711 Detraniffl)
868 2633 975 2690 antem
1000 2646 1059 2706 per
1085 2629 1197 2695 odium
1220 2628 1257 2695 da

185 2723 289 2791 altero
302 2731 352 2804 62)
376 2730 425 2791 sui
447 2729 603 2791 commodi
625 2750 736 2807 causa,
763 2730 864 2812 magis
890 2737 940 2792 est
962 2736 1075 2794 contra
1102 2739 1256 2812 namn,

186 2844 279 2906 qoam
295 2849 393 2908 mors,
412 2849 505 2908 quarn
522 2827 626 2909 dolor,
645 2828 696 2894 vel
714 2838 822 2895 cetera
838 2829 1016 2895 huiusmodi
1032 2831 1133 2899 nata.

358 3013 395 3092 C.
415 3031 585 3097 XXXIII.
629 3033 768 3099 Sanctae
789 3033 964 3120 Gregorius
977 3041 999 3117 ⁸)
1013 3039 1085 3120 ⁶³):

269 3181 304 3246 S.
323 3182 440 3249 Paulus
462 3186 626 3266 apostolus
649 3187 794 3275 dicit†):
832 3177 898 3263 Qut
911 3199 1045 3274 peccat,
1067 3210 1135 3281 per
1144 3198 1250 3277 poeni

184 3293 317 3352 tentc’mn
336 3289 492 3368 emendet,
514 3287 574 3352 hoc
593 3297 656 3368 est,
678 3292 821 3371 ieiuniis,
843 3290 961 3376 vigiliis
979 3299 1019 3357 et·
1029 3291 1248 3379 eleemosynis

1286 3326 1289 3341 1

1284 3354 1289 3367 s

249 3581 277 3629 c.
295 3580 403 3628 XXXII.
438 3582 464 3643 r)
482 3585 565 3642 caput
575 3583 709 3633 incertum.
996 3572 1000 3577 ⁵
1046 3596 1049 3601 '
1265 3534 1289 3653 't-

250 3650 278 3698 c.
294 3650 416 3700 xxxin.
452 3651 474 3711 ι)
491 3653 688 3713 Intentio-egoni
698 3654 763 3712 Opp.
773 3664 824 3701 noa
832 3655 874 3701 ert
883 3654 1024 3714 repertum.

284 3775 313 3831 †)
326 3780 347 3820 2.
363 3777 467 3823 Corinth.
482 3794 502 3824 e.
517 3783 549 3824 12.
564 3793 585 3824 v.
599 3784 633 3824 21.

222 3899 256 3958 G.
274 3899 380 3958 XXXI.
403 3904 428 3974 *)
457 3917 623 3981 opponunt.-
651 3906 689 3964 ib.
779 3909 812 3967 C.
838 3907 959 3967 XXXII.
989 3912 1044 3979 ot)
1072 3911 1237 3971 detrudere:

178 3984 236 4060 57)
263 3984 363 4042 Invida
394 3985 615 4063 obfuscatione:
651 3991 689 4050 ib.
736 3992 811 4052 llitd.
830 3993 894 4054 Bal.
928 3997 982 4067 62)
1003 3996 1170 4077 αζῐενὶμν
1185 3994 1238 4053 od:
1262 3978 1280 4091 Ιι

99 4110 101 4114 -
178 4074 236 4145 58)
264 4068 401 4128 adolent:
438 4071 476 4128 ib.
522 4079 574 4144 59)
601 4096 690 4138 sane:
734 4078 803 4137 ibid.

177 4154 216 4213 ib.
261 4157 313 4228 60)
327 4159 493 4234 premitur:
519 4158 557 4216 ib.
576 4195 619 4204 --
645 4159 688 4219 Ilo
777 4165 812 4222 C.
835 4162 969 4223 XXXIII.
994 4168 1047 4234 63)
1072 4148 1269 4253 'l'otcmberl

176 4241 328 4316 rationem,
348 4261 400 4320 qna
414 4240 620 4303 llildebcandns
632 4246 688 4305 Co·
733 4261 818 4328 capot
836 4249 919 4310 deest
937 4248 1013 4309 llild.
1032 4248 1099 4310 Bal.

177 4323 250 4385 dicis
268 4337 384 4386 secutus
407 4339 452 4387 est
469 4331 684 4391 auctoritatem!
1264 4292 1272 4565 Ι
1287 4368 1289 4373 ·

1263 4592 1289 4785 l
