2594 4898
176 343 250 407 988
422 336 588 398 REGINO
607 335 741 397 LIBER
759 330 1009 396 SECUNDUS.

67 492 70 501 ¹
127 510 134 582 ’.
175 511 281 594 Iegem
306 509 497 572 mundanam
523 503 666 584 finiatur,
697 502 786 568 salvo
815 502 1052 568 aeclesiasticae
1078 503 1160 590 legis
1182 509 1235 587 pri·

175 612 303 698 vilegio.
1065 626 1068 633 ·

119 816 168 861 113
486 795 523 859 C.
544 793 649 858 CXII.
694 791 748 857 De
765 794 873 858 eodem
890 815 936 859 re.

195 954 252 1018 Ex
269 949 443 1033 Epistola
459 939 615 1014 Nicolai
633 946 757 1028 Papae
775 948 821 1011 ad
834 946 1018 1011 Karolum
1035 946 1225 1036 Regem').

264 1088 399 1167 Scripsit
416 1085 506 1149 nobis
522 1082 711 1168 Thietbirga
727 1082 865 1169 Regina,
883 1087 972 1170 regio
989 1104 1025 1147 se
1044 1085 1133 1149 velle
1151 1087 1242 1171 digui-

179 1193 242 1258 taIe
260 1214 317 1254 seu
336 1187 447 1269 copula
466 1189 556 1264 exui,
584 1195 617 1249 et
643 1185 713 1249 solo
738 1189 862 1267 privata
883 1189 949 1250 vitu
972 1209 1043 1251 esse
1068 1194 1243 1254 contentam

180 1295 371 1358 desiderare.
417 1288 477 1353 Cui
499 1311 557 1352 nos
580 1291 775 1368 scripsimus,
803 1291 955 1370 nonffl)
978 1287 1040 1352 hoo
1064 1287 1161 1355 aliter
1181 1287 1245 1352 fieri

179 1418 289 1477 posse,
318 1395 378 1458 uisi
405 1393 539 1455 eandem
560 1393 658 1454 vitam
680 1392 799 1454 coniux
821 1392 888 1454 eius
910 1389 1085 1455 Lotharius
1109 1390 1245 1476 elegerit.

179 1497 227 1563 Et
240 1506 315 1584 post
332 1516 459 1580 pauca:
484 1492 536 1557 De
557 1500 716 1556 retroacta
739 1495 956 1557 controversia
973 1491 1169 1580 'thietbirga
1189 1515 1246 1556 nou

181 1600 278 1665 debet
288 1597 418 1661 ulterius
429 1597 470 1658 ad
479 1599 625 1658 iteratam
636 1597 876 1675 responsionem
884 1597 1068 1677 provocari,
1083 1597 1245 1678 quia²⁵³),

182 1702 264 1782 quod
290 1699 371 1762 bene
398 1696 496 1760 semel
523 1695 688 1760 definitum
715 1706 764 1761 est
791 1705 824 1762 et
844 1699 1038 1778 interpositis
1065 1699 1246 1761 iuramentis

182 1801 404 1878 deliberatum,
422 1798 510 1862 nulla
527 1798 622 1861 debet
635 1801 816 1881 iteratione,
834 1801 897 1864 nisi
910 1801 1069 1879 fortassis,
1088 1799 1146 1864 ubi
1159 1801 1246 1864 fuerit

71 1941 76 1948 ·
181 1905 282 1967 maior
300 1903 488 1980 auctoritas,
506 1904 681 1965 retractari.

124 2177 174 2223 114
215 2172 219 2187 ·
369 2157 406 2223 C.
426 2159 548 2223 CXIII.
593 2159 647 2224 De
664 2164 881 2226 eeclesiastico
897 2162 1016 2227 iudicio
1024 2165 1067 2248 ¹).

242 2394 245 2399 γ
269 2312 410 2388 Deinde,
431 2314 501 2393 quia
518 2312 672 2377 eeclesiae
690 2315 846 2401 refugium
864 2336 1033 2397 quaerens,
1062 2316 1245 2381 ecelesiasti-

185 2439 254 2480 cum
276 2417 426 2479 iudicium
448 2438 570 2496 semper
593 2424 762 2498 expetenS,
785 2417 920 2483 seculari
942 2440 1006 2482 non
1024 2418 1122 2484 debet
1139 2420 1244 2483 iudicio

183 2520 337 2585 submitti.
381 2516 459 2582 Post
481 2519 560 2582 haec
581 2541 674 2597 vero,
702 2542 771 2583 oum
794 2542 852 2584 nos
875 2541 919 2584 ex
934 2529 1069 2600 utraque
1087 2530 1197 2603 parte,
1220 2519 1246 2582 id

58 2605 61 2609 ⁶
184 2631 248 2699 est,
267 2630 332 2685 tam
350 2643 369 2682 a
386 2642 478 2705 rege,
497 2643 591 2700 quam
609 2643 628 2684 a
646 2623 756 2704 regina
774 2623 924 2686 fuerimus
942 2625 1108 2704 provocati
1121 2625 1245 2705 iudices,

184 2745 303 2802 nosque
331 2722 493 2784 arrrborum
521 2727 771 2787 controversiam
789 2728 933 2788 exsecuti
954 2728 1068 2804 simus,
1092 2727 1135 2790 ad
1153 2725 1247 2790 nuIIos

185 2822 265 2886 alios
281 2826 428 2887 convenit
440 2826 558 2887 iudices
573 2847 666 2905 super
684 2825 745 2889 hoc
766 2829 894 2910 negotio
910 2827 1100 2902 convolare3
1120 2850 1193 2892 eum
1205 2849 1248 2890 se·

185 2927 318 2988 eundum
346 2946 454 2987 sacros
481 2948 617 2990 canones
642 2950 661 2989 a
682 2928 854 3007 iudicibus,
877 2951 956 3010 quos
979 2933 1159 2994 communis
1183 2951 1248 2994 oon·

185 3049 295 3091 sensus
314 3026 461 3110 etegerit,
489 3050 553 3092 non
570 3027 668 3093 liceat
684 3052 874 3112 provocare,
898 3040 944 3110 et,
964 3031 1018 3095 ubi
1036 3053 1193 3096 concessa
1209 3037 1250 3096 est

185 3132 383 3211 provocatio,
412 3151 474 3191 non
497 3133 583 3219 nisi„
599 3132 652 3195 ubi
670 3135 772 3197 maior
789 3142 837 3197 est
855 3137 1042 3213 auctoritas,
1069 3134 1168 3199 liceat
1185 3155 1249 3215 pro·

186 3254 303 3296 vocare
316 3237 400 3309 254).
432 3230 554 3312 Itaque,
574 3222 645 3297 oum
664 3257 726 3298 non
745 3238 787 3298 sit
804 3235 996 3316 apostoticae
1015 3237 1101 3300 sedis
1119 3238 1250 3301 auctori·

186 3343 269 3415 tate,
289 3357 368 3414 quae
387 3334 550 3397 amborum
568 3339 731 3420 negotium
749 3348 903 3402 exsecuto
922 3346 986 3418 est,
1004 3361 1138 3418 usquam
1156 3341 1251 3402 maior

187 3440 375 3514 auctoritaS,
402 3440 574 3517 nescimus,
602 3441 629 3501 si
647 3437 741 3501 alicui
759 3438 857 3503 liceat
875 3441 913 3504 de
931 3443 998 3505 eius
1017 3441 1160 3505 iudicare
1177 3439 1250 3505 iudi·

187 3542 252 3618 cio,
271 3538 322 3601 vel
340 3541 407 3602 eius
425 3547 598 3603 retractare
617 3544 818 3604 sententiam.

186 3720 400 3732 *ι-

255 3833 283 3878 C.
302 3832 378 3878 CXII.
413 3829 449 3895 w)
469 3836 524 3882 Sor.
537 3849 596 3883 ann.
611 3838 669 3884 867.
682 3863 718 3872 -
730 3838 823 3884 Burch.
837 3839 881 3886 IX.
896 3840 937 3885 49.
951 3837 1017 3903 (m),
1031 3838 1109 3887 Dect.
1120 3840 1187 3887 VIII.
1202 3837 1249 3886 128.

186 3899 250 3960 (m),
260 3899 323 3945 Pon.
333 3901 375 3943 VI.
387 3901 426 3944 ii.
437 3901 505 3961 (m),
517 3914 538 3948 c.
549 3903 653 3953 XXVII.
663 3919 686 3963 q.
698 3907 721 3951 2.
732 3920 753 3952 c.
763 3908 803 3953 26.
815 3920 852 3966 pr.

255 3967 283 4014 G.
301 3964 390 4014 cxur.
426 3969 457 4029 x)
474 3970 536 4018 Ibid.

231 4117 263 4176 o.
284 4116 372 4176 oxu.
402 4124 476 4192 252)
501 4140 556 4181 ne:
580 4121 699 4202 omps.
788 4089 823 4185 o.
844 4125 946 4185 cxru.
970 4129 1044 4202 254)
1059 4137 1251 4207 et-prm

187 4202 424 4304 Vieouflelmst.
453 4211 527 4281 253)
546 4211 702 4286 quonium:
747 4231 833 4272 eure:
854 4211 917 4272 des.
938 4215 967 4271 in
985 4211 1106 4271 Hetmst.

188 4309 262 4368 orig.
