2594 4898
374 122 844 206 equorum-ccxcvii.
1075 134 1140 196 rur

63 305 100 363 et
116 295 243 361 crebris
260 294 405 374 suspiriis
423 295 470 356 eis
493 294 675 369 denunciet,
704 295 798 375 quod,
816 296 899 359 sium
914 295 1018 361 Alam
1035 302 1141 379 proie-

64 407 136 465 ctus
156 405 209 463 eet
225 397 266 461 ‹le
282 396 445 477 paradiso,
463 398 510 459 itu
526 404 561 461 et
576 399 636 476 ipsi
654 398 695 462 ab
712 395 849 462 ecclesia
866 397 907 461 ub
923 408 1055 480 peccate
1065 406 1140 486 Μ)

65 504 246 566 eiiciantur.
291 497 369 561 Post
386 497 466 561 haec
483 498 593 573 iubeat
609 500 772 578 ministris,
791 508 898 563 utens
916 509 1010 564 extra
1027 504 1139 568 innuas

67 603 224 668 ecciesiae
249 599 433 681 expellunt,
464 599 567 664 clerus
589 622 666 664 vero
683 609 889 682 prosequatur
902 605 973 686 ⁵⁴¹)
1001 626 1070 666 cum
1088 626 1139 669 re·

67 707 237 787 sponsorio
246 704 303 790 †):
338 701 513 767 Incedere
532 706 640 767 uultur
665 712 718 768 tut
731 711 868 769 vesceris
884 725 973 788 punc
989 716 1045 769 teo
1061 717 1137 787 etc,

67 817 100 872 ut
133 807 285 870 videntes
319 814 462 869 sanctum
498 804 664 869 ecclesium
694 805 896 870 'facinoribus
926 810 992 871 suis
1023 817 1138 873 treme-

66 913 185 976 factam
212 916 307 989 atque
334 916 524 971 commotum
554 930 617 971 non
642 910 872 988 parvipendunt
897 912 1135 989 poenitentium.

66 1014 101 1077 ln
128 1034 224 1076 sucre
249 1017 354 1075 autem
382 1008 513 1074 Domini
539 1032 640 1073 coena
664 1032 772 1074 rursus
800 1010 954 1076 ecclesiae
976 1011 1135 1077 liminibus

64 1121 343 1198 repraesententur
355 1112 438 1195 542).

224 1340 229 1345 .
256 1281 295 1346 C.
314 1280 496 1348 ccxcvi
540 1282 595 1347 De
612 1284 720 1349 ιίαιιάα
730 1292 945 1370 poenitentia.
1144 1299 1194 1347 uer

288 1419 346 1482 Ex
364 1417 542 1482 Concilio
560 1417 916 1506 nloguutiacensiu).

151 1541 269 1605 Modus
286 1546 471 1619 tempusque
488 1541 703 1618 poenitentiae
721 1548 851 1621 peccata
873 1562 931 1603 sua
953 1536 1134 1603 confitenti·

64 1648 121 1710 bus
146 1653 202 1708 aut
227 1664 284 1723 per
309 1643 509 1720 antiquorum
536 1663 692 1705 canonum
717 1645 966 1721 institutionem,
998 1651 1053 1706 nut
1078 1665 1135 1723 per

64 1758 247 1811 sanctarum
272 1747 496 1824 scripturarum
523 1746 760 1824 auctoritatem,
788 1754 843 1809 aut
862 1767 920 1824 per
942 1745 1133 1809 ecclesiasti·

65 1873 134 1914 cum
152 1847 411 1911 consuetudinem
429 1846 548 1926 imponi
567 1844 661 1908 debet
683 1870 703 1909 a
720 1847 947 1911 sacerdotibus.
983 1846 1133 1928 Numqui

64 1974 120 2034 pro
138 1951 277 2032 peccetis
294 1948 441 2034 gravibus
459 1947 547 2011 leves
566 1949 717 2027 quosdam
735 1957 768 2012 et
785 1951 953 2012 inusitatos
971 1952 1133 2030 imponunt

64 2054 281 2135 poenitentiae
298 2051 427 2129 moder,
454 2057 609 2112 consuunt
626 2048 791 2129 pulvillus,
810 2051 980 2112 secundum
997 2049 1132 2130 prophe·

65 2160 159 2219 ticum
177 2175 374 2232 sermonem,
392 2152 449 2215 sub
468 2154 553 2215 omui
576 2151 681 2213 cubito
700 2173 825 2230 manus,
845 2158 877 2213 et
894 2151 1014 2214 fuciunt
1031 2153 1132 2215 cervi·

65 2257 147 2322 celia
172 2256 233 2319 sub
259 2258 361 2335 cupite
387 2256 554 2317 universae
581 2254 696 2315 aetatis
727 2254 767 2314 ad
798 2254 966 2331 capiendas
997 2256 1130 2317 animas.

65 2360 127 2423 Sed
156 2359 306 2421 discretio
331 2357 490 2419 servanda
517 2363 567 2418 est
589 2358 673 2417 inter
692 2357 892 2434 poenitentes
918 2354 1044 2434 publice
1062 2358 1131 2439 et')

64 2462 228 2525 absconse.
270 2457 355 2522 Nam
381 2460 434 2537 qui
458 2457 583 2538 publice
609 2465 733 2537 peccet,
771 2465 910 2537 oportet,
946 2465 981 2520 ut
1006 2444 1132 2537 publicu

63 2563 214 2627 multetur
240 2563 504 2644 poenitentiu¹⁸”),
531 2561 701 2623 secundnm
728 2560 872 2622 ordinem
898 2581 1052 2622 canonum
1074 2580 1130 2640 pro

62 2668 177 2730 merito
195 2665 320 2747 suum)
342 2664 633 2725 excommunicetur
650 2669 682 2725 et
699 2660 933 2725 reconcilietur.

90 2834 128 2899 C.
148 2833 347 2900 CCXCVII.
396 2832 545 2908 Qualiter
561 2839 721 2917 evcecae‘pere
740 2832 879 2898 debeant
889 2840 1105 2917 poenitentem
1139 2850 1189 2896 2⁰³

386 2942 526 3019 epiceopi
544 2938 597 2998 cel
609 2934 811 3020 presbyteri?

296 3072 351 3135 Ex
376 3071 656 3135 Poenitentiali
680 3071 896 3154 Romanor).

148 3192 405 3271 Quotiescunque
423 3189 597 3253 Christiani
606 3191 633 3273 ¹⁸)
658 3190 699 3251 ud
716 3190 944 3269 poenitentiam
963 3187 1128 3265 accedunt,

127 3351 157 3398 C.
174 3350 305 3397 CCXCVI.
341 3344 370 3413 q)
387 3348 452 3396 nan.
467 3360 526 3394 unu.
540 3348 598 3394 844.
613 3348 660 3393 sub
673 3346 790 3407 Rubunu,
809 3359 831 3392 e.
842 3344 883 3391 ur.
900 3369 937 3378 -
952 3342 1127 3391 Burunlllx.

62 3419 177 3480 rs.(n.),
194 3417 338 3465 nourr.
348 3419 388 3464 ro.
399 3411 461 3479 (n).

126 3489 155 3534 C.
174 3487 316 3532 CCXCVII.
350 3481 376 3548 r)
387 3483 481 3543 tlelitg.
489 3485 519 3530 L.
526 3484 569 3530 vl.
578 3483 660 3543 pmel.
676 3506 711 3518 -
729 3479 903 3529 Rutulum.
913 3481 967 3540 83„
985 3479 1061 3529 Dect.
1071 3479 1128 3529 XV.

187 3582 217 3638 †)
233 3580 316 3623 Gener.
331 3592 351 3622 c.
365 3582 385 3622 ³.
399 3590 422 3620 c.
437 3580 469 3620 1⁹.

101 3673 135 3731 G.
147 3670 286 3731 CCXCV.
313 3674 387 3742 540)
398 3688 572 3747 propecca-
659 3668 692 3727 C.
716 3666 868 3727 ccxcvi.
904 3670 931 3743 ”)
951 3674 983 3724 et
1002 3666 1056 3744 qui
1075 3664 1127 3724 ab·

60 3757 213 3817 tutabitur
229 3756 335 3815 Vienn.
350 3755 423 3814 coll.
435 3756 513 3826 citt.;
534 3753 571 3811 ob
613 3773 716 3814 sconsc
721 3755 878 3831 poenitere
888 3751 1031 3810 deleant:
1052 3751 1125 3828 orig.

56 3845 207 3921 peccetis:
231 3838 316 3900 Goth.
336 3839 458 3919 Guelplr.
495 3844 569 3908 544)
614 3839 656 3911 ””)
676 3848 721 3898 et:
743 3837 809 3897 add,
829 3838 904 3914 orig.
940 3836 1125 3908 *'*)ctcum-

59 3948 126 3988 coe:
142 3925 211 3987 all.
230 3924 305 3985 nilo
325 3924 391 3983 Bel·
427 3928 503 3996 542)
521 3942 571 3982 rc·
613 3926 739 3984 munic:
757 3921 828 3981 ibid.

54 4020 267 4091 pracsentent:
302 4010 410 4070 Vieun.
450 4009 569 4068 llclmst.
656 4008 689 4067 C.
709 4004 874 4067 ccxcvll.
928 4009 954 4077 ω)
981 4005 1125 4064 Cln’strlr-

56 4091 569 4175 Puris.;ecpruucntent.·llill.Bnl.
612 4095 672 4166 nri,
692 4094 746 4173 qui
763 4093 804 4152 ud
815 4111 850 4171 p.
858 4111 872 4150 .·
889 4086 1016 4149 Merseln
