2594 4898
438 364 515 444 ι’...
536 362 770 426 cxovr-cc.
827 414 831 421 .
1057 372 1125 434 aar

56 539 114 595 aut
130 532 158 595 si
178 547 241 610 qua
257 528 548 621 duobusfrutribus
566 535 718 613 nupserit,
740 554 796 597 seu
815 554 884 597 cnm
901 544 1042 615 putreat
1058 535 1128 602 filio

55 634 216 697 fornicata
240 632 438 717 laertem),
464 633 546 698 tales
570 634 788 715 copulationes
809 636 1074 702 anathematizari
1095 648 1130 704 et

54 737 197 819 disiungi
215 735 440 815 praecipimus,
467 758 526 799 nec
550 759 689 817 uuquam
711 736 844 818 amplius
865 741 1013 828 coniugio
1035 756 1128 821 copu-

55 837 131 917 lari,
146 837 206 902 sed
222 834 281 901 'sub
297 856 414 922 magna
431 839 628 902 districtione
644 836 727 902 fieri.
777 909 780 915 ,

167 1039 206 1104 6.
229 1036 385 1104 cxcix.
429 1036 484 1106 De
501 1063 554 1120 eu,
571 1042 774 1128 puifils‘olam
790 1059 878 1109 mm
889 1047 1019 1128 polluit.
1136 1055 1186 1101 ass

438 1172 545 1241 Unde
572 1168 683 1258 snpra
701 1181 752 1258 ¹¹).

145 1289 251 1371 Quam
277 1288 465 1360 detestabile
495 1305 529 1360 et
558 1296 736 1362 execrabile
764 1295 867 1362 scelus
893 1298 936 1363 sit
959 1298 1128 1379 unicuique

56 1393 243 1463 Christiano
260 1392 393 1461 filiolam
410 1419 499 1461 suam
517 1405 721 1479 constuprare
733 1402 818 1479 ⁴³⁰),
840 1406 975 1472 testatur
992 1398 1127 1465 Sanctus

57 1498 236 1584 Gregorius
257 1501 289 1563 in
312 1496 447 1584 dialogis
469 1501 547 1576 suis,
575 1496 629 1563 ubi
651 1502 764 1581 refert,
792 1500 947 1582 quendum
968 1502 1128 1566 homiuem

54 1595 210 1684 polluisse
226 1594 359 1666 filiolam
376 1623 478 1682 suam,
497 1604 539 1680 et,
557 1603 630 1681 quia
647 1602 791 1687 neglexit
806 1600 1036 1683 poenitentiam
1054 1620 1127 1688 ege·

55 1727 113 1784 re,
138 1702 242 1768 subito
259 1700 433 1769 miserabili
450 1704 562 1768 morbo
585 1710 747 1785 correptus
769 1704 945 1785 expiravit,¹
970 1708 1003 1769 et
1024 1696 1127 1786 sepul·

55 1814 125 1885 tus,
152 1827 215 1869 uon
237 1800 342 1869 solum
363 1827 490 1886 corpus,
516 1805 573 1870 sed
596 1804 692 1870 etiam
715 1828 808 1871 omne
829 1802 1029 1887 sepulchrum
1046 1804 1127 1892 ignis

56 1907 227 1972 invisibilis
246 1909 427 1971 consumsit.

164 2087 202 2159 6.
225 2090 291 2158 CC.
335 2086 421 2160 Item
442 2087 482 2160 de
514 2094 646 2162 tmere
663 2105 698 2160 et
714 2110 818 2160 eoum
832 2074 1040 2180 penitentie*
1137 2099 1188 2151 1⁹⁹

272 2224 330 2294 Ειι
352 2223 530 2294 Concilio
552 2223 907 2315 Mogontiaceusiq.

146 2349 183 2413 Si
205 2351 273 2429 quis
289 2348 465 2413 lomieatus
481 2344 578 2413 fuerit
595 2365 665 2412 cum
683 2342 805 2414 duabus
822 2342 984 2414 sororillus
1001 2340 1054 2413 vel
1071 2369 1128 2415 no·

58 2468 157 2517 verca
178 2467 250 2530 sua,
276 2451 329 2514 vel
351 2468 421 2514 cum
443 2466 554 2514 sorore
581 2449 740 2535 suam),
769 2444 821 2515 vel
843 2468 912 2515 cum
940 2447 1038 2515 amita
1058 2466 1127 2528 saa,

59 2550 113 2618 vel
140 2571 210 2618 cum
233 2550 487 2635 matertera⁴⁸²)
514 2568 588 2633 sua,
623 2544 675 2616 vel
706 2568 775 2617 eum
801 2544 868 2617 lilia
893 2554 997 2633 putrui
1022 2550 1072 2615 sui
1097 2561 1130 2614 et

60 2650 209 2720 avunculi
235 2656 299 2734 sui,
334 2652 387 2718 vel
413 2670 484 2718 eum
508 2648 578 2718 tilia
603 2657 720 2718 eunitae
745 2672 823 2718 suae
850 2658 917 2718 sive
939 2658 1130 2718 materterae

60 2774 150 2836 suae,
169 2756 220 2820 vel
239 2774 308 2820 oum
326 2762 421 2836 nepte
438 2774 507 2836 sna,
525 2750 579 2820 vel
597 2772 667 2819 cum
686 2762 858 2819 commatre
874 2765 929 2821 aut
941 2752 1043 2820 liliola
1060 2770 1129 2834 sua,

61 2860 133 2922 aive
158 2876 251 2940 quam
278 2853 317 2920 de
339 2852 430 2921 ionte
454 2854 605 2938 suscepit5
637 2851 690 2922 vel
714 2864 789 2922 aute
811 2856 991 2940 episcopum
1016 2856 1129 2935 tenuit,

61 2968 96 3026 et
111 2962 141 3024 si
165 2976 224 3040 qua
247 2953 361 3023 mulier
381 2952 476 3022 simili
498 2952 594 3043 modo
611 2956 767 3024 fornicata
783 2961 893 3040 fuerlt,
920 2960 1078 3025 abstineat
1095 2972 1130 3021 se

62 3058 103 3126 alr
123 3064 268 3146 ingressu
285 3063 396 3124 domus
414 3056 477 3124 Dei
495 3080 611 3125 annum
634 3060 665 3141 l,
697 3070 731 3125 et
748 3063 858 3125 eodem
877 3080 973 3142 anno,
995 3062 1057 3124 nisi
1075 3059 1131 3123 do·

62 3160 188 3229 minicia
209 3168 242 3227 et
262 3160 353 3228 festis
376 3161 501 3244 diebus,
527 3162 723 3227 solummodo
744 3184 826 3242 pane
850 3170 883 3226 et
906 3180 987 3242 aqua
1009 3170 1043 3223 et
1062 3158 1131 3224 sale

61 3275 182 3345 utatur,
200 3282 370 3330 armenon
388 3265 481 3345 leret,
500 3262 639 3328 osculum
657 3262 735 3327 nulli
749 3262 912 3343 praebeat,
930 3259 1130 3337 sacrificium,

10 3408 14 3421 ·
64 3368 126 3433 nisi
142 3383 200 3448 pro
218 3364 348 3446 viatico,
374 3368 503 3431 minime
521 3373 639 3444 sumat,
669 3356 716 3427 vl
734 3362 847 3426 deinde
865 3365 956 3426 annis
972 3354 1131 3444 ingredia·

10 3442 117 3555 ,tur
132 3465 258 3550 quidem
276 3467 403 3533 domum
420 3464 495 3549 Dei,
517 3462 573 3532 sed
592 3465 738 3530 carnibus
757 3466 790 3528 et
806 3464 881 3527 vino
899 3484 937 3528 ao
955 3462 1056 3525 sicera
1071 3460 1131 3524 mi·

133 3712 162 3761 G.
172 3709 284 3760 cxclx.
304 3711 343 3773 m)
365 3712 427 3759 usn.
441 3710 474 3759 ib.
487 3737 521 3747 -
534 3703 627 3758 Burei.
640 3709 719 3757 xvn.
733 3710 774 3754 26.
788 3702 852 3772 (ln),
866 3706 942 3754 Dect.
955 3705 1001 3754 lX.
1014 3706 1055 3753 84.
1070 3698 1132 3769 (B.):

19 3796 26 3807 ·
65 3774 324 3841 exomologeses.

134 3848 163 3894 c.
181 3848 230 3896 66.
247 3847 277 3909 ιι)
295 3848 356 3895 nau.
369 3846 402 3895 ib.
418 3872 447 3882 -
467 3847 586 3893 Ceterum
600 3845 649 3893 hoc
663 3847 741 3904 ceput
758 3845 785 3891 iu
803 3843 875 3890 nullo
893 3842 1006 3890 concilio
1022 3841 1132 3902 Mogon-

64 3915 122 3962 tuno
130 3917 262 3974 repertum
271 3917 361 3966 est
372 3913 465 3962 Burc.h
475 3914 589 3962 xvlns
597 3914 628 3978 (
631 3909 723 3978 .)e
608 3913 723 3959 ReDe
725 3910 798 3961 ι..ΙΧ
807 3912 849 3960 ld.
858 3910 922 3973 (13..)

108 4064 338 4126 CCXCVlll.
379 4070 462 4138 429)
490 4063 578 4142 soro.
665 4063 699 4123 6.
723 4064 781 4122 66.
808 4067 887 4136 431)
916 4064 1015 4122 uelo
1040 4078 1064 4117 s.
1090 4076 1134 4116 a:

59 4150 164 4227 suem
187 4149 253 4211 des.
272 4150 345 4210 Rab.
623 4147 686 4208 dee.
708 4146 772 4208 nau
815 4153 891 4219 432)
916 4155 1030 4205 mouet
1055 4140 1131 4200 llild.

106 4235 144 4295 C.
165 4234 292 4295 CXCIX.
315 4238 390 4305 43⁰)
409 4235 479 4296 esui
485 4236 525 4295 od
541 4236 579 4295 ls'·
622 4231 687 4291 Bal.

62 4321 196 4382 bellunen
214 4322 316 4398 iungi:
336 4318 408 4379 aab.

857 4411 920 4471 19¹·
