2594 4898
404 341 484 422 cap.
506 340 782 404 xxx-xxxiv.
1057 347 1131 409 mr

56 511 220 594 legitimos
246 508 381 573 heredes
405 508 489 572 illius
514 513 691 589 perveniat.
744 509 780 574 Si
802 512 835 575 in
859 513 941 575 atrio
965 511 1131 592 ecclesiue,

57 616 149 678 cuius
167 619 262 692 porta
278 609 420 690 reliquiis
438 620 619 677 sanctorum
633 621 819 676 consecrata
832 620 897 692 est,
916 613 1133 679 huiuscemodi

58 715 267 779 homicidium
296 720 512 793 perpetratum
542 714 653 793 fuerit,
685 714 831 778 similiter
864 725 1069 795 componatur
1100 725 1134 781 et
1257 752 1261 758 ·

58 817 262 888 emendetur3
286 817 406 878 sivero
426 836 490 878 non
508 824 558 879 est
576 825 777 895 consecrata,
802 817 914 880 eodem
931 819 1026 881 modo
1045 839 1133 882 com·

56 927 213 1000 ponatur,
247 919 331 980 sicut
357 920 503 997 componi
529 918 638 998 debet,
675 919 758 999 quod
790 921 987 983 immunitate
1013 919 1133 984 violatu

58 1020 280 1084 committitur.

122 1186 160 1253 C.
179 1187 330 1254 xxxll.
378 1188 432 1253 De
448 1196 576 1254 intono
592 1191 788 1255 sacerdotum
803 1193 858 1256 vel
872 1195 1068 1257 clericorem.

352 1324 410 1389 Ex
431 1326 576 1401 eodem,
599 1348 676 1406 cap.
698 1325 845 1407 ΧΨ).

148 1445 319 1528 Sanguinis
342 1445 454 1509 effusio
476 1446 509 1508 in
531 1444 667 1508 ecclesia
688 1447 774 1509 fucta
790 1468 862 1509 cum
878 1446 975 1525 fuste,
1003 1448 1031 1509 si
1047 1469 1134 1526 pres-

59 1549 156 1630 byter
172 1547 283 1626 fuerit,
301 1545 395 1627 triplo
414 1554 635 1627 componatur,
664 1549 741 1611 duas
758 1554 864 1628 partes
883 1549 985 1611 cidem
1002 1548 1133 1631 presby·

60 1659 149 1728 tero,
173 1651 270 1712 tertia
290 1648 456 1728 profrudo
475 1649 515 1712 ad
534 1648 717 1729 ecclesiam,
742 1657 774 1713 et
790 1653 917 1730 insuper
934 1650 1057 1713 bannus
1075 1672 1134 1713 no·

60 1759 138 1814 ster.
189 1749 342 1814 Similiter
369 1752 409 1815 do
436 1752 571 1815 diacono
602 1753 696 1815 iuxta
717 1754 979 1832 compositionem
1007 1754 1075 1816 eius
1100 1754 1134 1815 in

60 1851 159 1933 triplo
182 1874 253 1917 cum
274 1853 381 1917 bonno
417 1861 528 1917 nostro
564 1862 778 1933 componatur.
840 1851 892 1917 De
927 1853 1133 1934 subdiacono,

62 1964 97 2020 ct
131 1955 171 2018 dc
204 1957 508 2036 uniuscuiuscunque
543 1957 661 2020 ordinis
693 1955 808 2020 clerico
839 1958 1014 2021 secundum
1043 1978 1134 2021 suam

62 2059 325 2138 compositionem
349 2059 384 2121 in
409 2056 507 2139 triplo
533 2057 752 2138 persolvatur,
789 2066 821 2122 et
852 2060 979 2140 insuper
1010 2059 1134 2125 bannus

63 2168 186 2224 noster.
276 2210 281 2217 .

245 2310 248 2317 ’
368 2328 406 2395 o.
428 2331 597 2395 xxxnr.
641 2330 696 2396 ne
713 2336 780 2395 oo
790 2332 831 2416 11).

151 2464 303 2530 Similiter
320 2474 354 2531 et
380 2467 420 2532 de
438 2471 503 2532 ictu
520 2470 589 2532 sine
608 2470 769 2553 sanguinis
789 2467 944 2532 effusione
967 2466 1006 2529 dc
1028 2468 1135 2530 unius·

64 2570 279 2650 cuiuscunque
305 2570 425 2634 ordinis
451 2570 566 2634 clerico
580 2573 633 2652 ⁸³)
664 2572 697 2632 in
726 2569 818 2649 triplo
841 2576 1061 2648 componatur,
1087 2571 1135 2633 in·

63 2693 161 2752 super
179 2680 212 2736 et
228 2671 351 2736 bannus
369 2682 489 2737 noster.
519 2673 572 2753 Et,
592 2675 725 2753 quinon
744 2672 856 2751 habet,
874 2672 958 2735 uude
977 2672 1018 2735 ad
1036 2669 1136 2735 eccle·

65 2777 146 2837 siam
163 2772 340 2853 persolvat,
359 2775 464 2838 tradat
481 2797 516 2839 se
533 2777 566 2838 in
584 2777 747 2838 servitium
765 2775 868 2838 eidem
890 2772 1060 2853 ecclesiae,
1081 2793 1136 2836 us·

66 2897 127 2956 quc
145 2875 220 2939 dum
237 2883 338 2940 totum
355 2875 496 2941 debitum
515 2874 685 2957 persolvat.

193 3061 230 3130 C.
252 3062 420 3129 XXXIV.
464 3063 505 3129 Se·
519 3074 588 3152 quic
606 3067 754 3130 clericum
771 3067 1011 3149 exspoliaverit.

318 3201 377 3264 Ex
395 3199 570 3267 Concilio
589 3201 831 3266 Triburiensi
845 3203 882 3285 ⁰).

153 3319 214 3397 Ut,
237 3321 265 3382 si
282 3340 344 3399 qua
360 3322 394 3383 in
413 3322 498 3400 ipsos
515 3320 646 3384 clericos
663 3319 714 3383 vel
731 3324 764 3382 in
782 3318 935 3383 ecclosias
957 3313 1138 3397 perpetrato

67 3422 202 3499 fuerint,
225 3408 339 3502 idest,
363 3424 392 3485 si
415 3425 482 3503 quis
506 3421 654 3486 clericum
671 3419 898 3500 exspoliaverit
920 3425 975 3480 aut
991 3416 1138 3481 vulnera-

70 3525 166 3601 verit,
185 3521 237 3586 vel
255 3521 391 3604 aliquam
408 3527 558 3588 iniuriam
575 3524 702 3602 lecerit,
726 3523 865 3587 decimos
883 3516 1039 3582 ecclcsiae
1056 3514 1138 3582 tule-

67 3627 110 3690 rit
135 3622 190 3699 vel
214 3626 397 3706 retinuerit,
427 3629 456 3690 si
482 3649 546 3690 non
570 3628 656 3708 prius
681 3647 739 3707 per
763 3621 939 3689 secularem
962 3621 1139 3702 potentiam

68 3790 283 3800 ...o—..m

138 3885 167 3931 G.
184 3884 294 3933 xxxss.
328 3882 367 3951 m)
385 3888 478 3946 Anseg.
491 3887 550 3935 ibid.
565 3901 588 3935 c.
603 3888 645 3936 14.
656 3885 729 3950 (cap.
743 3885 862 3946 Aquirgr.
876 3883 920 3932 cit.
934 3897 957 3931 c.
968 3882 1013 3944 2).
1031 3880 1069 3931 ct.
1078 3881 1139 3942 Lep.

68 3953 315 4014 Longonlcutit.
323 3956 364 4002 4⁰.
374 3969 397 4001 c.
407 3957 431 4003 6.
800 3980 803 3985 ·

140 4021 169 4070 c.
187 4020 309 4069 xxxin.
343 4022 373 4084 n)
386 4024 480 4090 Anseg.
489 4022 549 4071 ibid.
559 4021 654 4083 (Cepit.
663 4023 781 4083 Aquirgr.
790 4020 862 4082 ibid.)
871 4020 1068 4081 Legg.Longob.
1077 4015 1122 4064 ll

140 4090 169 4138 G.
187 4089 308 4137 mlv.
343 4091 372 4150 o)
390 4091 783 4140 cf.concil.'l'ribur.hab.cnn.
793 4092 851 4139 895.
861 4090 916 4137 c.4.
926 4089 964 4149 1.,
979 4085 1140 4146 cthe'rriige

70 4172 95 4218 p.
105 4158 147 4208 25.
157 4170 229 4218 seqq.
238 4172 264 4219 p.
274 4155 333 4210 tre.

115 4310 149 4369 G.
167 4308 304 4373 xxxffl.
327 4317 381 4390 83)
398 4315 556 4374 seeundum
576 4330 658 4372 coam
677 4310 931 4390 conpon‘o‘onem:
950 4303 1016 4374 add.
1035 4302 1109 4378 orig.

867 4407 927 4470 15*
