<?xml version="1.0" encoding="UTF-8"?>
<!DOCTYPE html PUBLIC "-//W3C//DTD XHTML 1.0 Transitional//EN"
    "http://www.w3.org/TR/xhtml1/DTD/xhtml1-transitional.dtd">
<html xmlns="http://www.w3.org/1999/xhtml" xml:lang="en" lang="en">
 <head>
  <title>
</title>
<meta http-equiv="Content-Type" content="text/html;charset=utf-8" />
  <meta name='ocr-system' content='tesseract 3.04.00' />
  <meta name='ocr-capabilities' content='ocr_page ocr_carea ocr_par ocr_line ocrx_word'/>
</head>
<body>
  <div class='ocr_page' id='page_1' title='image "./reginonisabbati00wassgoog_0496.png"; bbox 0 0 2594 4898; ppageno 0'>
   <div class='ocr_carea' id='block_1_1' title="bbox 351 355 1125 440">
    <p class='ocr_par' dir='ltr' id='par_1_1' title="bbox 351 355 1125 440">
     <span class='ocr_line' id='line_1_1' title="bbox 351 355 1125 440; baseline 0.016 -23"><span class='ocrx_word' id='word_1_1' title='bbox 351 355 826 440; x_wconf 70' lang='lat' dir='ltr'><strong>App.111.&#39;eap.xvl—xvt1.</strong></span> <span class='ocrx_word' id='word_1_2' title='bbox 1051 364 1125 429; x_wconf 80' lang='lat' dir='ltr'><strong>ma</strong></span> 
     </span>
    </p>
   </div>
   <div class='ocr_carea' id='block_1_2' title="bbox 59 524 1126 693">
    <p class='ocr_par' dir='ltr' id='par_1_2' title="bbox 59 524 1126 693">
     <span class='ocr_line' id='line_1_2' title="bbox 59 524 1126 616; baseline 0.003 -23"><span class='ocrx_word' id='word_1_3' title='bbox 59 524 154 593; x_wconf 80' lang='lat' dir='ltr'><strong>bolus</strong></span> <span class='ocrx_word' id='word_1_4' title='bbox 175 526 243 607; x_wconf 79' lang='lat' dir='ltr'><strong>ipse</strong></span> <span class='ocrx_word' id='word_1_5' title='bbox 265 525 405 590; x_wconf 67' lang='lat' dir='ltr'><strong>dmemns</strong></span> <span class='ocrx_word' id='word_1_6' title='bbox 419 528 471 610; x_wconf 92' lang='lat'><strong>²²)</strong></span> <span class='ocrx_word' id='word_1_7' title='bbox 494 534 544 591; x_wconf 83' lang='lat' dir='ltr'><strong>est</strong></span> <span class='ocrx_word' id='word_1_8' title='bbox 565 534 598 593; x_wconf 89' lang='lat' dir='ltr'><strong>et</strong></span> <span class='ocrx_word' id='word_1_9' title='bbox 618 526 680 591; x_wconf 87' lang='lat' dir='ltr'><strong>boc</strong></span> <span class='ocrx_word' id='word_1_10' title='bbox 701 528 771 609; x_wconf 91' lang='lat' dir='ltr'><strong>ipso</strong></span> <span class='ocrx_word' id='word_1_11' title='bbox 792 529 975 609; x_wconf 86' lang='lat' dir='ltr'><strong>praedicare</strong></span> <span class='ocrx_word' id='word_1_12' title='bbox 987 532 1038 616; x_wconf 81' lang='lat'><strong>²³)</strong></span> <span class='ocrx_word' id='word_1_13' title='bbox 1061 553 1126 596; x_wconf 90' lang='lat' dir='ltr'><strong>non</strong></span> 
     </span>
     <span class='ocr_line' id='line_1_3' title="bbox 62 628 190 693; baseline -0.023 0"><span class='ocrx_word' id='word_1_14' title='bbox 62 628 190 693; x_wconf 79' lang='lat' dir='ltr'><strong>desinit.</strong></span> 
     </span>
    </p>
   </div>
   <div class='ocr_carea' id='block_1_3' title="bbox 10 846 1100 938">
    <p class='ocr_par' dir='ltr' id='par_1_3' title="bbox 10 846 1100 938">
     <span class='ocr_line' id='line_1_4' title="bbox 10 846 1100 938; baseline 0.005 -27"><span class='ocrx_word' id='word_1_15' title='bbox 10 892 19 929; x_wconf 79' lang='lat'><strong>,</strong></span> <span class='ocrx_word' id='word_1_16' title='bbox 82 846 123 913; x_wconf 86' lang='lat' dir='ltr'><strong>C.</strong></span> <span class='ocrx_word' id='word_1_17' title='bbox 141 846 255 912; x_wconf 86' lang='lat' dir='ltr'>XVII.</span> <span class='ocrx_word' id='word_1_18' title='bbox 283 846 344 913; x_wconf 75' lang='lat' dir='ltr'><strong>Ea</strong></span> <span class='ocrx_word' id='word_1_19' title='bbox 361 849 489 915; x_wconf 86' lang='lat' dir='ltr'><strong>decreto</strong></span> <span class='ocrx_word' id='word_1_20' title='bbox 505 849 680 916; x_wconf 76' lang='lat' dir='ltr'><strong>Anastasis·</strong></span> <span class='ocrx_word' id='word_1_21' title='bbox 695 857 845 936; x_wconf 59' lang='lat' dir='ltr'><strong>epicopi,</strong></span> <span class='ocrx_word' id='word_1_22' title='bbox 865 873 934 938; x_wconf 86' lang='lat' dir='ltr'><strong>cap.</strong></span> <span class='ocrx_word' id='word_1_23' title='bbox 960 852 1059 918; x_wconf 86' lang='lat' dir='ltr'><strong><em>VIII.</em></strong></span> <span class='ocrx_word' id='word_1_24' title='bbox 1072 857 1100 938; x_wconf 77' lang='lat'><strong>¹)</strong></span> 
     </span>
    </p>
   </div>
   <div class='ocr_carea' id='block_1_4' title="bbox 10 996 1137 3528">
    <p class='ocr_par' dir='ltr' id='par_1_4' title="bbox 10 996 1137 3528">
     <span class='ocr_line' id='line_1_5' title="bbox 10 996 1128 1087; baseline 0.004 -21"><span class='ocrx_word' id='word_1_25' title='bbox 10 996 20 1033; x_wconf 70' lang='lat'>⁵</span> <span class='ocrx_word' id='word_1_26' title='bbox 149 999 227 1067; x_wconf 92' lang='lat' dir='ltr'><strong>Ideo</strong></span> <span class='ocrx_word' id='word_1_27' title='bbox 255 1023 331 1087; x_wconf 82' lang='lat' dir='ltr'><strong>ergo</strong></span> <span class='ocrx_word' id='word_1_28' title='bbox 360 1009 392 1067; x_wconf 91' lang='lat' dir='ltr'><strong>et</strong></span> <span class='ocrx_word' id='word_1_29' title='bbox 413 1003 480 1082; x_wconf 90' lang='lat' dir='ltr'><strong>hic,</strong></span> <span class='ocrx_word' id='word_1_30' title='bbox 509 1006 597 1069; x_wconf 88' lang='lat' dir='ltr'><strong>ouius</strong></span> <span class='ocrx_word' id='word_1_31' title='bbox 620 1026 734 1070; x_wconf 90' lang='lat' dir='ltr'><strong>nomen</strong></span> <span class='ocrx_word' id='word_1_32' title='bbox 758 1004 888 1069; x_wconf 79' lang='lat' dir='ltr'><strong>dicimus</strong></span> <span class='ocrx_word' id='word_1_33' title='bbox 907 1028 976 1070; x_wconf 86' lang='lat' dir='ltr'><strong>esse</strong></span> <span class='ocrx_word' id='word_1_34' title='bbox 993 1009 1128 1071; x_wconf 88' lang='lat' dir='ltr'><strong>reticen-</strong></span> 
     </span>
     <span class='ocr_line' id='line_1_6' title="bbox 10 1096 1129 1189; baseline 0.002 -20"><span class='ocrx_word' id='word_1_35' title='bbox 10 1096 22 1189; x_wconf 58' lang='grc' dir='ltr'>ξ</span> <span class='ocrx_word' id='word_1_36' title='bbox 63 1104 155 1183; x_wconf 87' lang='lat' dir='ltr'><strong>dnm,</strong></span> <span class='ocrx_word' id='word_1_37' title='bbox 172 1103 256 1169; x_wconf 83' lang='lat' dir='ltr'><strong>male</strong></span> <span class='ocrx_word' id='word_1_38' title='bbox 276 1104 359 1169; x_wconf 86' lang='lat' dir='ltr'><strong>bona</strong></span> <span class='ocrx_word' id='word_1_39' title='bbox 375 1107 583 1171; x_wconf 88' lang='lat' dir='ltr'><strong>ministrando</strong></span> <span class='ocrx_word' id='word_1_40' title='bbox 601 1107 662 1170; x_wconf 90' lang='lat' dir='ltr'><strong>sibi</strong></span> <span class='ocrx_word' id='word_1_41' title='bbox 680 1115 803 1171; x_wconf 89' lang='lat' dir='ltr'><strong>tantum</strong></span> <span class='ocrx_word' id='word_1_42' title='bbox 818 1110 937 1174; x_wconf 89' lang='lat' dir='ltr'><strong>nocuit.</strong></span> <span class='ocrx_word' id='word_1_43' title='bbox 979 1105 1064 1171; x_wconf 88' lang='lat' dir='ltr'><strong>Nam</strong></span> <span class='ocrx_word' id='word_1_44' title='bbox 1080 1109 1129 1171; x_wconf 89' lang='lat' dir='ltr'><strong>in·</strong></span> 
     </span>
     <span class='ocr_line' id='line_1_7' title="bbox 61 1205 1129 1289; baseline 0 -16"><span class='ocrx_word' id='word_1_45' title='bbox 61 1205 217 1273; x_wconf 77' lang='lat' dir='ltr'><strong>uiolebde</strong></span> <span class='ocrx_word' id='word_1_46' title='bbox 241 1214 488 1286; x_wconf 81' lang='lat' dir='ltr'><strong>soorarnentnm,</strong></span> <span class='ocrx_word' id='word_1_47' title='bbox 519 1208 601 1287; x_wconf 91' lang='lat' dir='ltr'><strong>quud</strong></span> <span class='ocrx_word' id='word_1_48' title='bbox 630 1230 686 1289; x_wconf 83' lang='lat' dir='ltr'><strong>per</strong></span> <span class='ocrx_word' id='word_1_49' title='bbox 716 1207 938 1275; x_wconf 73' lang='lat' dir='ltr'><strong>illaudatum</strong></span> <span class='ocrx_word' id='word_1_50' title='bbox 964 1217 1015 1275; x_wconf 88' lang='lat' dir='ltr'><strong>est</strong></span> <span class='ocrx_word' id='word_1_51' title='bbox 1043 1208 1129 1289; x_wconf 82' lang='lat' dir='ltr'><strong>aliia,</strong></span> 
     </span>
     <span class='ocr_line' id='line_1_8' title="bbox 62 1307 1128 1395; baseline 0.005 -25"><span class='ocrx_word' id='word_1_52' title='bbox 62 1309 290 1389; x_wconf 80' lang='lat' dir='ltr'><strong>perfectionem</strong></span> <span class='ocrx_word' id='word_1_53' title='bbox 309 1330 386 1370; x_wconf 89' lang='lat' dir='ltr'><strong>suae</strong></span> <span class='ocrx_word' id='word_1_54' title='bbox 402 1311 528 1372; x_wconf 87' lang='lat' dir='ltr'><strong>virtutis</strong></span> <span class='ocrx_word' id='word_1_55' title='bbox 547 1309 693 1373; x_wconf 83' lang='lat' dir='ltr'><strong>obtinuit.</strong></span> <span class='ocrx_word' id='word_1_56' title='bbox 740 1307 834 1384; x_wconf 81' lang='lat' dir='ltr'><strong>Quod</strong></span> <span class='ocrx_word' id='word_1_57' title='bbox 854 1313 926 1391; x_wconf 82' lang='lat' dir='ltr'><strong>quin</strong></span> <span class='ocrx_word' id='word_1_58' title='bbox 937 1314 988 1395; x_wconf 81' lang='lat'><strong>²⁴)</strong></span> <span class='ocrx_word' id='word_1_59' title='bbox 1007 1320 1056 1375; x_wconf 86' lang='lat' dir='ltr'><strong>est</strong></span> <span class='ocrx_word' id='word_1_60' title='bbox 1072 1309 1128 1375; x_wconf 85' lang='lat' dir='ltr'><strong>nli-</strong></span> 
     </span>
     <span class='ocr_line' id='line_1_9' title="bbox 63 1411 1128 1495; baseline 0.002 -23"><span class='ocrx_word' id='word_1_61' title='bbox 63 1429 197 1490; x_wconf 87' lang='lat' dir='ltr'><strong>qnorum</strong></span> <span class='ocrx_word' id='word_1_62' title='bbox 214 1412 246 1472; x_wconf 90' lang='lat' dir='ltr'><strong>in</strong></span> <span class='ocrx_word' id='word_1_63' title='bbox 264 1417 386 1473; x_wconf 88' lang='lat' dir='ltr'><strong>tantum</strong></span> <span class='ocrx_word' id='word_1_64' title='bbox 404 1432 439 1472; x_wconf 88' lang='lat' dir='ltr'><strong>se</strong></span> <span class='ocrx_word' id='word_1_65' title='bbox 458 1411 632 1474; x_wconf 87' lang='lat' dir='ltr'><strong>extendens</strong></span> <span class='ocrx_word' id='word_1_66' title='bbox 645 1414 696 1495; x_wconf 87' lang='lat'><strong>²⁵)</strong></span> <span class='ocrx_word' id='word_1_67' title='bbox 714 1413 839 1474; x_wconf 90' lang='lat' dir='ltr'><strong>curiosa</strong></span> <span class='ocrx_word' id='word_1_68' title='bbox 857 1414 992 1493; x_wconf 86' lang='lat' dir='ltr'><strong>suspicio</strong></span> <span class='ocrx_word' id='word_1_69' title='bbox 1006 1416 1075 1494; x_wconf 82' lang='lat'><strong>²⁶),</strong></span> <span class='ocrx_word' id='word_1_70' title='bbox 1092 1418 1128 1474; x_wconf 90' lang='lat' dir='ltr'><strong>ut</strong></span> 
     </span>
     <span class='ocr_line' id='line_1_10' title="bbox 10 1510 1127 1599; baseline 0.001 -24"><span class='ocrx_word' id='word_1_71' title='bbox 10 1592 12 1599; x_wconf 28' lang='grc' dir='ltr'>Ι</span> <span class='ocrx_word' id='word_1_72' title='bbox 63 1513 291 1595; x_wconf 76' lang='lat' dir='ltr'><strong>isnaginentur,</strong></span> <span class='ocrx_word' id='word_1_73' title='bbox 308 1510 432 1591; x_wconf 82' lang='lat' dir='ltr'><strong>prolato</strong></span> <span class='ocrx_word' id='word_1_74' title='bbox 450 1534 470 1575; x_wconf 88' lang='lat' dir='ltr'><strong>a</strong></span> <span class='ocrx_word' id='word_1_75' title='bbox 486 1510 574 1593; x_wconf 85' lang='lat' dir='ltr'><strong>Papa</strong></span> <span class='ocrx_word' id='word_1_76' title='bbox 591 1511 699 1575; x_wconf 82' lang='lat' dir='ltr'><strong>Felice</strong></span> <span class='ocrx_word' id='word_1_77' title='bbox 717 1512 843 1592; x_wconf 88' lang='lat' dir='ltr'><strong>iudicio,</strong></span> <span class='ocrx_word' id='word_1_78' title='bbox 861 1520 972 1592; x_wconf 83' lang='lat' dir='ltr'><strong>postea</strong></span> <span class='ocrx_word' id='word_1_79' title='bbox 988 1510 1127 1576; x_wconf 85' lang='lat' dir='ltr'><strong>ineffica-</strong></span> 
     </span>
     <span class='ocr_line' id='line_1_11' title="bbox 65 1613 1129 1698; baseline 0 -21"><span class='ocrx_word' id='word_1_80' title='bbox 65 1615 147 1677; x_wconf 85' lang='lat' dir='ltr'><strong>citer</strong></span> <span class='ocrx_word' id='word_1_81' title='bbox 172 1614 205 1675; x_wconf 91' lang='lat' dir='ltr'><strong>in</strong></span> <span class='ocrx_word' id='word_1_82' title='bbox 233 1616 454 1693; x_wconf 81' lang='lat' dir='ltr'><strong>sacramentis,</strong></span> <span class='ocrx_word' id='word_1_83' title='bbox 480 1636 562 1697; x_wconf 85' lang='lat' dir='ltr'><strong>qnae</strong></span> <span class='ocrx_word' id='word_1_84' title='bbox 584 1613 738 1679; x_wconf 79' lang='lat' dir='ltr'><strong>Aebutius</strong></span> <span class='ocrx_word' id='word_1_85' title='bbox 759 1618 937 1698; x_wconf 84' lang='lat' dir='ltr'><strong>usurpavit,</strong></span> <span class='ocrx_word' id='word_1_86' title='bbox 965 1617 1069 1698; x_wconf 82' lang='lat' dir='ltr'><strong>egisse</strong></span> <span class='ocrx_word' id='word_1_87' title='bbox 1091 1637 1129 1677; x_wconf 87' lang='lat' dir='ltr'><strong>ac</strong></span> 
     </span>
     <span class='ocr_line' id='line_1_12' title="bbox 62 1714 1128 1797; baseline -0.002 -18"><span class='ocrx_word' id='word_1_88' title='bbox 62 1714 200 1796; x_wconf 88' lang='lat' dir='ltr'><strong>proinde</strong></span> <span class='ocrx_word' id='word_1_89' title='bbox 226 1735 281 1777; x_wconf 86' lang='lat' dir='ltr'><strong>eos</strong></span> <span class='ocrx_word' id='word_1_90' title='bbox 307 1724 462 1794; x_wconf 88' lang='lat' dir='ltr'><strong>metuere,</strong></span> <span class='ocrx_word' id='word_1_91' title='bbox 487 1718 539 1796; x_wconf 83' lang='lat' dir='ltr'><strong>qui</strong></span> <span class='ocrx_word' id='word_1_92' title='bbox 565 1715 617 1779; x_wconf 90' lang='lat' dir='ltr'><strong>vel</strong></span> <span class='ocrx_word' id='word_1_93' title='bbox 642 1718 675 1779; x_wconf 88' lang='lat' dir='ltr'><strong>in</strong></span> <span class='ocrx_word' id='word_1_94' title='bbox 695 1716 999 1797; x_wconf 88' lang='lat' dir='ltr'><strong>consecrationibus,</strong></span> <span class='ocrx_word' id='word_1_95' title='bbox 1026 1715 1077 1779; x_wconf 88' lang='lat' dir='ltr'><strong>vel</strong></span> <span class='ocrx_word' id='word_1_96' title='bbox 1096 1717 1128 1777; x_wconf 92' lang='lat' dir='ltr'><strong>in</strong></span> 
     </span>
     <span class='ocr_line' id='line_1_13' title="bbox 64 1815 1132 1899; baseline -0.002 -18"><span class='ocrx_word' id='word_1_97' title='bbox 64 1817 254 1897; x_wconf 85' lang='lat' dir='ltr'><strong>baptismate</strong></span> <span class='ocrx_word' id='word_1_98' title='bbox 271 1819 424 1899; x_wconf 84' lang='lat' dir='ltr'><strong>mysteria</strong></span> <span class='ocrx_word' id='word_1_99' title='bbox 441 1819 558 1882; x_wconf 86' lang='lat' dir='ltr'><strong>traditu</strong></span> <span class='ocrx_word' id='word_1_100' title='bbox 574 1825 792 1899; x_wconf 89' lang='lat' dir='ltr'><strong>susceperunt,</strong></span> <span class='ocrx_word' id='word_1_101' title='bbox 812 1840 852 1882; x_wconf 92' lang='lat' dir='ltr'><strong>ne</strong></span> <span class='ocrx_word' id='word_1_102' title='bbox 869 1821 959 1883; x_wconf 90' lang='lat' dir='ltr'><strong>irrita</strong></span> <span class='ocrx_word' id='word_1_103' title='bbox 976 1815 1132 1883; x_wconf 88' lang='lat' dir='ltr'><strong>beneficia</strong></span> 
     </span>
     <span class='ocr_line' id='line_1_14' title="bbox 65 1916 1131 2005; baseline 0 -23"><span class='ocrx_word' id='word_1_104' title='bbox 65 1918 175 1983; x_wconf 88' lang='lat' dir='ltr'><strong>divina</strong></span> <span class='ocrx_word' id='word_1_105' title='bbox 198 1917 371 1981; x_wconf 83' lang='lat' dir='ltr'><strong>videantur.</strong></span> <span class='ocrx_word' id='word_1_106' title='bbox 423 1916 691 2005; x_wconf 66' lang='lat' dir='ltr'><strong>Meminerint27)</strong></span> <span class='ocrx_word' id='word_1_107' title='bbox 714 1923 746 1982; x_wconf 92' lang='lat' dir='ltr'><strong>in</strong></span> <span class='ocrx_word' id='word_1_108' title='bbox 769 1919 851 1983; x_wconf 66' lang='lat' dir='ltr'><strong>itanc</strong></span> <span class='ocrx_word' id='word_1_109' title='bbox 869 1942 992 2001; x_wconf 89' lang='lat' dir='ltr'><strong>qnoque</strong></span> <span class='ocrx_word' id='word_1_110' title='bbox 1009 1927 1131 2001; x_wconf 86' lang='lat' dir='ltr'><strong>partem</strong></span> 
     </span>
     <span class='ocr_line' id='line_1_15' title="bbox 64 2016 1131 2107; baseline -0.001 -24"><span class='ocrx_word' id='word_1_111' title='bbox 64 2016 213 2107; x_wconf 81' lang='lat' dir='ltr'><strong>similiter</strong></span> <span class='ocrx_word' id='word_1_112' title='bbox 237 2029 407 2084; x_wconf 84' lang='lat' dir='ltr'><strong>tractatum</strong></span> <span class='ocrx_word' id='word_1_113' title='bbox 431 2020 615 2100; x_wconf 81' lang='lat' dir='ltr'><strong>praevalere</strong></span> <span class='ocrx_word' id='word_1_114' title='bbox 640 2024 849 2101; x_wconf 88' lang='lat' dir='ltr'><strong>superiorem,</strong></span> <span class='ocrx_word' id='word_1_115' title='bbox 878 2026 950 2101; x_wconf 89' lang='lat' dir='ltr'><strong>quia</strong></span> <span class='ocrx_word' id='word_1_116' title='bbox 977 2043 1040 2086; x_wconf 93' lang='lat' dir='ltr'><strong>non</strong></span> <span class='ocrx_word' id='word_1_117' title='bbox 1062 2023 1131 2084; x_wconf 88' lang='lat' dir='ltr'><strong>sino</strong></span> 
     </span>
     <span class='ocr_line' id='line_1_16' title="bbox 18 2116 1131 2210; baseline -0.003 -23"><span class='ocrx_word' id='word_1_118' title='bbox 18 2116 24 2121; x_wconf 71' lang='grc'><strong>’</strong></span> <span class='ocrx_word' id='word_1_119' title='bbox 64 2123 270 2203; x_wconf 76' lang='lat' dir='ltr'><strong>usurpatione</strong></span> <span class='ocrx_word' id='word_1_120' title='bbox 283 2127 336 2204; x_wconf 84' lang='lat'><strong>²⁸)</strong></span> <span class='ocrx_word' id='word_1_121' title='bbox 354 2125 524 2188; x_wconf 85' lang='lat' dir='ltr'><strong>sacerdotii</strong></span> <span class='ocrx_word' id='word_1_122' title='bbox 542 2124 738 2187; x_wconf 88' lang='lat' dir='ltr'><strong>adiudicatus</strong></span> <span class='ocrx_word' id='word_1_123' title='bbox 755 2121 818 2210; x_wconf 80' lang='lat' dir='ltr'><strong>boc</strong></span> <span class='ocrx_word' id='word_1_124' title='bbox 836 2124 916 2204; x_wconf 84' lang='lat' dir='ltr'><strong>egit,</strong></span> <span class='ocrx_word' id='word_1_125' title='bbox 939 2124 970 2187; x_wconf 88' lang='lat' dir='ltr'><strong>in</strong></span> <span class='ocrx_word' id='word_1_126' title='bbox 989 2138 1050 2202; x_wconf 88' lang='lat' dir='ltr'><strong>quo</strong></span> <span class='ocrx_word' id='word_1_127' title='bbox 1069 2123 1131 2185; x_wconf 87' lang='lat' dir='ltr'><strong>vir·</strong></span> 
     </span>
     <span class='ocr_line' id='line_1_17' title="bbox 64 2222 1132 2308; baseline -0.006 -18"><span class='ocrx_word' id='word_1_128' title='bbox 64 2231 167 2291; x_wconf 89' lang='lat' dir='ltr'><strong>tutem</strong></span> <span class='ocrx_word' id='word_1_129' title='bbox 185 2245 275 2287; x_wconf 89' lang='lat' dir='ltr'><strong>snam</strong></span> <span class='ocrx_word' id='word_1_130' title='bbox 293 2224 507 2289; x_wconf 88' lang='lat' dir='ltr'><strong>obtinentibus</strong></span> <span class='ocrx_word' id='word_1_131' title='bbox 525 2226 700 2308; x_wconf 84' lang='lat' dir='ltr'><strong>mysteriis,</strong></span> <span class='ocrx_word' id='word_1_132' title='bbox 719 2225 752 2287; x_wconf 94' lang='lat' dir='ltr'><strong>in</strong></span> <span class='ocrx_word' id='word_1_133' title='bbox 770 2223 830 2285; x_wconf 91' lang='lat' dir='ltr'><strong>boc</strong></span> <span class='ocrx_word' id='word_1_134' title='bbox 848 2245 971 2305; x_wconf 87' lang='lat' dir='ltr'><strong>quoqne</strong></span> <span class='ocrx_word' id='word_1_135' title='bbox 989 2222 1058 2287; x_wconf 86' lang='lat' dir='ltr'><strong>aliis</strong></span> <span class='ocrx_word' id='word_1_136' title='bbox 1075 2244 1132 2285; x_wconf 85' lang='lat' dir='ltr'><strong>rea</strong></span> 
     </span>
     <span class='ocr_line' id='line_1_18' title="bbox 64 2314 1133 2407; baseline -0.002 -16"><span class='ocrx_word' id='word_1_137' title='bbox 64 2314 130 2391; x_wconf 76' lang='lat' dir='ltr'><strong>&#39;sibi</strong></span> <span class='ocrx_word' id='word_1_138' title='bbox 147 2347 283 2407; x_wconf 86' lang='lat' dir='ltr'><strong>persona</strong></span> <span class='ocrx_word' id='word_1_139' title='bbox 301 2347 364 2390; x_wconf 93' lang='lat' dir='ltr'><strong>non</strong></span> <span class='ocrx_word' id='word_1_140' title='bbox 382 2329 504 2407; x_wconf 91' lang='lat' dir='ltr'><strong>nocuit,</strong></span> <span class='ocrx_word' id='word_1_141' title='bbox 523 2349 595 2390; x_wconf 90' lang='lat' dir='ltr'><strong>nam</strong></span> <span class='ocrx_word' id='word_1_142' title='bbox 613 2328 653 2391; x_wconf 89' lang='lat' dir='ltr'><strong>ad</strong></span> <span class='ocrx_word' id='word_1_143' title='bbox 671 2325 760 2389; x_wconf 88' lang='lat' dir='ltr'><strong>ilium</strong></span> <span class='ocrx_word' id='word_1_144' title='bbox 776 2327 938 2407; x_wconf 80' lang='lat' dir='ltr'><strong>pertinuit,</strong></span> <span class='ocrx_word' id='word_1_145' title='bbox 957 2324 1038 2404; x_wconf 92' lang='lat' dir='ltr'><strong>quod</strong></span> <span class='ocrx_word' id='word_1_146' title='bbox 1056 2322 1133 2389; x_wconf 80' lang='lat' dir='ltr'><strong>tuba</strong></span> 
     </span>
     <span class='ocr_line' id='line_1_19' title="bbox 65 2422 1133 2517; baseline -0.002 -24"><span class='ocrx_word' id='word_1_147' title='bbox 65 2425 274 2517; x_wconf 80' lang='lat' dir='ltr'><strong>Dauidico†)</strong></span> <span class='ocrx_word' id='word_1_148' title='bbox 293 2431 428 2493; x_wconf 85' lang='lat' dir='ltr'><strong>canitur:</strong></span> <span class='ocrx_word' id='word_1_149' title='bbox 449 2428 668 2494; x_wconf 83' lang='lat' dir='ltr'><strong>Verumtamen</strong></span> <span class='ocrx_word' id='word_1_150' title='bbox 682 2427 772 2493; x_wconf 85' lang='lat' dir='ltr'><strong>Deua</strong></span> <span class='ocrx_word' id='word_1_151' title='bbox 787 2422 1009 2512; x_wconf 76' lang='lat' dir='ltr'><strong>conquassavit</strong></span> <span class='ocrx_word' id='word_1_152' title='bbox 1023 2431 1133 2509; x_wconf 80' lang='lat' dir='ltr'><strong>cupita</strong></span> 
     </span>
     <span class='ocr_line' id='line_1_20' title="bbox 66 2526 1134 2617; baseline -0.006 -20"><span class='ocrx_word' id='word_1_153' title='bbox 66 2536 264 2597; x_wconf 58' lang='lat' dir='ltr'><strong>morum</strong></span> <span class='ocrx_word' id='word_1_154' title='bbox 281 2552 421 2611; x_wconf 75' lang='lat' dir='ltr'><strong>suorum,</strong></span> <span class='ocrx_word' id='word_1_155' title='bbox 439 2538 589 2597; x_wconf 76' lang='lat' dir='ltr'><strong>verticem</strong></span> <span class='ocrx_word' id='word_1_156' title='bbox 607 2534 719 2617; x_wconf 71' lang='lat' dir='ltr'><strong>capillo*</strong></span> <span class='ocrx_word' id='word_1_157' title='bbox 728 2529 1015 2617; x_wconf 72' lang='lat' dir='ltr'><strong>perambulantium</strong></span> <span class='ocrx_word' id='word_1_158' title='bbox 1027 2534 1062 2591; x_wconf 81' lang='lat' dir='ltr'><strong>iu</strong></span> <span class='ocrx_word' id='word_1_159' title='bbox 1080 2526 1134 2591; x_wconf 88' lang='lat' dir='ltr'><strong>de·</strong></span> 
     </span>
     <span class='ocr_line' id='line_1_21' title="bbox 67 2629 1133 2713; baseline -0.008 -14"><span class='ocrx_word' id='word_1_160' title='bbox 67 2634 159 2699; x_wconf 67' lang='lat' dir='ltr'><strong>lecto</strong></span> <span class='ocrx_word' id='word_1_161' title='bbox 174 2639 248 2697; x_wconf 67' lang='lat' dir='ltr'><strong>curi.</strong></span> <span class='ocrx_word' id='word_1_162' title='bbox 292 2630 376 2696; x_wconf 88' lang='lat' dir='ltr'><strong>Nam</strong></span> <span class='ocrx_word' id='word_1_163' title='bbox 397 2634 544 2713; x_wconf 86' lang='lat' dir='ltr'><strong>superbia</strong></span> <span class='ocrx_word' id='word_1_164' title='bbox 564 2655 687 2713; x_wconf 87' lang='lat' dir='ltr'><strong>semper</strong></span> <span class='ocrx_word' id='word_1_165' title='bbox 704 2634 782 2713; x_wconf 87' lang='lat' dir='ltr'><strong>sibi,</strong></span> <span class='ocrx_word' id='word_1_166' title='bbox 805 2654 869 2696; x_wconf 94' lang='lat' dir='ltr'><strong>non</strong></span> <span class='ocrx_word' id='word_1_167' title='bbox 887 2631 959 2695; x_wconf 88' lang='lat' dir='ltr'><strong>aliis</strong></span> <span class='ocrx_word' id='word_1_168' title='bbox 976 2630 1054 2693; x_wconf 87' lang='lat' dir='ltr'><strong>facit</strong></span> <span class='ocrx_word' id='word_1_169' title='bbox 1070 2629 1133 2691; x_wconf 86' lang='lat' dir='ltr'><strong>rni-</strong></span> 
     </span>
     <span class='ocr_line' id='line_1_22' title="bbox 61 2720 1132 2815; baseline -0.007 -14"><span class='ocrx_word' id='word_1_170' title='bbox 61 2720 159 2812; x_wconf 77' lang='lat' dir='ltr'><strong>naun,</strong></span> <span class='ocrx_word' id='word_1_171' title='bbox 178 2734 261 2815; x_wconf 89' lang='lat' dir='ltr'><strong>quod</strong></span> <span class='ocrx_word' id='word_1_172' title='bbox 278 2737 427 2798; x_wconf 86' lang='lat' dir='ltr'><strong>universa</strong></span> <span class='ocrx_word' id='word_1_173' title='bbox 439 2738 662 2815; x_wconf 87' lang='lat' dir='ltr'><strong>scripturarum</strong></span> <span class='ocrx_word' id='word_1_174' title='bbox 677 2733 862 2798; x_wconf 87' lang='lat' dir='ltr'><strong>coelestium</strong></span> <span class='ocrx_word' id='word_1_175' title='bbox 876 2741 1012 2797; x_wconf 88' lang='lat' dir='ltr'><strong>testatur</strong></span> <span class='ocrx_word' id='word_1_176' title='bbox 1026 2739 1132 2795; x_wconf 86' lang='lat' dir='ltr'><strong>oucto·</strong></span> 
     </span>
     <span class='ocr_line' id='line_1_23' title="bbox 67 2832 1134 2918; baseline -0.007 -16"><span class='ocrx_word' id='word_1_177' title='bbox 67 2838 167 2917; x_wconf 86' lang='lat' dir='ltr'><strong>ritas,</strong></span> <span class='ocrx_word' id='word_1_178' title='bbox 202 2838 283 2901; x_wconf 87' lang='lat' dir='ltr'><strong>sicut</strong></span> <span class='ocrx_word' id='word_1_179' title='bbox 313 2838 410 2902; x_wconf 87' lang='lat' dir='ltr'><strong>etiam</strong></span> <span class='ocrx_word' id='word_1_180' title='bbox 434 2859 491 2918; x_wconf 90' lang='lat' dir='ltr'><strong>per</strong></span> <span class='ocrx_word' id='word_1_181' title='bbox 516 2839 658 2916; x_wconf 82' lang='lat' dir='ltr'><strong>spiritum</strong></span> <span class='ocrx_word' id='word_1_182' title='bbox 684 2845 828 2901; x_wconf 70' lang='lat' dir='ltr'><strong>sendum</strong></span> <span class='ocrx_word' id='word_1_183' title='bbox 854 2835 969 2901; x_wconf 77' lang='lat' dir='ltr'><strong>dicittu</strong></span> <span class='ocrx_word' id='word_1_184' title='bbox 997 2835 1031 2899; x_wconf 91' lang='lat' dir='ltr'><strong>in</strong></span> <span class='ocrx_word' id='word_1_185' title='bbox 1056 2832 1134 2896; x_wconf 85' lang='lat' dir='ltr'><strong>Pro-</strong></span> 
     </span>
     <span class='ocr_line' id='line_1_24' title="bbox 67 2935 1136 3025; baseline -0.005 -22"><span class='ocrx_word' id='word_1_186' title='bbox 67 2938 169 3023; x_wconf 86' lang='lat' dir='ltr'><strong>pheta</strong></span> <span class='ocrx_word' id='word_1_187' title='bbox 176 2936 263 3025; x_wconf 87' lang='lat'><strong>††):</strong></span> <span class='ocrx_word' id='word_1_188' title='bbox 284 2936 361 3005; x_wconf 86' lang='lat' dir='ltr'><strong>Nou</strong></span> <span class='ocrx_word' id='word_1_189' title='bbox 381 2937 539 3003; x_wconf 71' lang='lat' dir='ltr'><strong>habitabit</strong></span> <span class='ocrx_word' id='word_1_190' title='bbox 560 2947 595 3003; x_wconf 79' lang='lat' dir='ltr'><strong>m</strong></span> <span class='ocrx_word' id='word_1_191' title='bbox 610 2939 712 3003; x_wconf 82' lang='lat' dir='ltr'><strong>medio</strong></span> <span class='ocrx_word' id='word_1_192' title='bbox 729 2939 835 3003; x_wconf 78' lang='lat' dir='ltr'><strong>domur</strong></span> <span class='ocrx_word' id='word_1_193' title='bbox 851 2959 954 3016; x_wconf 70' lang='lat' dir='ltr'><strong>neae,</strong></span> <span class='ocrx_word' id='word_1_194' title='bbox 977 2935 1136 3024; x_wconf 79' lang='lat' dir='ltr'><strong>quifucit</strong></span> 
     </span>
     <span class='ocr_line' id='line_1_25' title="bbox 67 3038 1135 3125; baseline -0.007 -18"><span class='ocrx_word' id='word_1_195' title='bbox 67 3038 257 3125; x_wconf 67' lang='lat' dir='ltr'><strong>supertiam.</strong></span> <span class='ocrx_word' id='word_1_196' title='bbox 300 3038 407 3120; x_wconf 89' lang='lat' dir='ltr'><strong>Unde,</strong></span> <span class='ocrx_word' id='word_1_197' title='bbox 426 3062 496 3103; x_wconf 90' lang='lat' dir='ltr'><strong>cum</strong></span> <span class='ocrx_word' id='word_1_198' title='bbox 513 3040 574 3104; x_wconf 86' lang='lat' dir='ltr'><strong>sibi</strong></span> <span class='ocrx_word' id='word_1_199' title='bbox 591 3042 766 3105; x_wconf 84' lang='lat' dir='ltr'><strong>sacerdotis</strong></span> <span class='ocrx_word' id='word_1_200' title='bbox 784 3062 900 3103; x_wconf 89' lang='lat' dir='ltr'><strong>nomen</strong></span> <span class='ocrx_word' id='word_1_201' title='bbox 916 3039 1135 3116; x_wconf 87' lang='lat' dir='ltr'><strong>vindicaverit,</strong></span> 
     </span>
     <span class='ocr_line' id='line_1_26' title="bbox 69 3138 1135 3223; baseline -0.008 -14"><span class='ocrx_word' id='word_1_202' title='bbox 69 3140 313 3223; x_wconf 84' lang='lat' dir='ltr'><strong>condemnatus,</strong></span> <span class='ocrx_word' id='word_1_203' title='bbox 334 3143 368 3207; x_wconf 92' lang='lat' dir='ltr'><strong>in</strong></span> <span class='ocrx_word' id='word_1_204' title='bbox 389 3144 487 3223; x_wconf 88' lang='lat' dir='ltr'><strong>ipsius</strong></span> <span class='ocrx_word' id='word_1_205' title='bbox 508 3145 660 3207; x_wconf 88' lang='lat' dir='ltr'><strong>verticem</strong></span> <span class='ocrx_word' id='word_1_206' title='bbox 681 3141 847 3221; x_wconf 83' lang='lat' dir='ltr'><strong>superbiae</strong></span> <span class='ocrx_word' id='word_1_207' title='bbox 870 3148 975 3205; x_wconf 87' lang='lat' dir='ltr'><strong>tumor</strong></span> <span class='ocrx_word' id='word_1_208' title='bbox 999 3138 1135 3202; x_wconf 87' lang='lat' dir='ltr'><strong>inflictus</strong></span> 
     </span>
     <span class='ocr_line' id='line_1_27' title="bbox 70 3240 1136 3327; baseline -0.006 -16"><span class='ocrx_word' id='word_1_209' title='bbox 70 3252 139 3325; x_wconf 72' lang='lat' dir='ltr'><strong>eet,</strong></span> <span class='ocrx_word' id='word_1_210' title='bbox 162 3244 319 3327; x_wconf 82' lang='lat' dir='ltr'><strong>quianon</strong></span> <span class='ocrx_word' id='word_1_211' title='bbox 341 3242 487 3325; x_wconf 91' lang='lat' dir='ltr'><strong>populus,</strong></span> <span class='ocrx_word' id='word_1_212' title='bbox 516 3245 623 3325; x_wconf 86' lang='lat' dir='ltr'><strong>quiin</strong></span> <span class='ocrx_word' id='word_1_213' title='bbox 649 3243 808 3327; x_wconf 83' lang='lat' dir='ltr'><strong>mysteriis</strong></span> <span class='ocrx_word' id='word_1_214' title='bbox 831 3241 1010 3323; x_wconf 80' lang='lat' dir='ltr'><strong>donum²²)</strong></span> <span class='ocrx_word' id='word_1_215' title='bbox 1037 3240 1136 3318; x_wconf 81' lang='lat' dir='ltr'><strong>ipsius</strong></span> 
     </span>
     <span class='ocr_line' id='line_1_28' title="bbox 70 3343 1136 3425; baseline -0.008 -16"><span class='ocrx_word' id='word_1_216' title='bbox 70 3344 214 3424; x_wconf 79' lang='lat' dir='ltr'><strong>sitiebat,</strong></span> <span class='ocrx_word' id='word_1_217' title='bbox 233 3345 379 3409; x_wconf 85' lang='lat' dir='ltr'><strong>exclusus</strong></span> <span class='ocrx_word' id='word_1_218' title='bbox 398 3352 458 3425; x_wconf 89' lang='lat' dir='ltr'><strong>est,</strong></span> <span class='ocrx_word' id='word_1_219' title='bbox 476 3347 531 3409; x_wconf 89' lang='lat' dir='ltr'><strong>sed</strong></span> <span class='ocrx_word' id='word_1_220' title='bbox 552 3348 657 3408; x_wconf 90' lang='lat' dir='ltr'><strong>anima</strong></span> <span class='ocrx_word' id='word_1_221' title='bbox 674 3344 743 3408; x_wconf 87' lang='lat' dir='ltr'><strong>sola</strong></span> <span class='ocrx_word' id='word_1_222' title='bbox 759 3343 828 3424; x_wconf 87' lang='lat' dir='ltr'><strong>ilia,</strong></span> <span class='ocrx_word' id='word_1_223' title='bbox 847 3364 926 3423; x_wconf 87' lang='lat' dir='ltr'><strong>qnae</strong></span> <span class='ocrx_word' id='word_1_224' title='bbox 938 3346 1136 3423; x_wconf 83' lang='lat' dir='ltr'><strong>peccaverat,</strong></span> 
     </span>
     <span class='ocr_line' id='line_1_29' title="bbox 70 3445 1137 3528; baseline -0.008 -16"><span class='ocrx_word' id='word_1_225' title='bbox 70 3447 293 3513; x_wconf 85' lang='lat' dir='ltr'><strong>iustoiudicio</strong></span> <span class='ocrx_word' id='word_1_226' title='bbox 315 3449 440 3528; x_wconf 87' lang='lat' dir='ltr'><strong>proprie</strong></span> <span class='ocrx_word' id='word_1_227' title='bbox 464 3456 532 3511; x_wconf 87' lang='lat' dir='ltr'><strong>erat</strong></span> <span class='ocrx_word' id='word_1_228' title='bbox 553 3447 710 3527; x_wconf 87' lang='lat' dir='ltr'><strong>obnoxia,</strong></span> <span class='ocrx_word' id='word_1_229' title='bbox 733 3446 815 3526; x_wconf 90' lang='lat' dir='ltr'><strong>quod</strong></span> <span class='ocrx_word' id='word_1_230' title='bbox 832 3445 948 3526; x_wconf 86' lang='lat' dir='ltr'><strong>ubique</strong></span> <span class='ocrx_word' id='word_1_231' title='bbox 969 3460 1137 3506; x_wconf 87' lang='lat' dir='ltr'><strong>numerosa</strong></span> 
     </span>
    </p>
   </div>
   <div class='ocr_carea' id='block_1_5' title="bbox 71 3685 658 3750">
    <p class='ocr_par' dir='ltr' id='par_1_5' title="bbox 71 3685 658 3750">
     <span class='ocr_line' id='line_1_30' title="bbox 71 3685 658 3750; baseline 0.002 -13"><span class='ocrx_word' id='word_1_232' title='bbox 71 3685 74 3690; x_wconf 80' lang='grc'><strong>’</strong></span> <span class='ocrx_word' id='word_1_233' title='bbox 114 3734 125 3749; x_wconf 50' lang='grc'><strong>,,</strong></span> <span class='ocrx_word' id='word_1_234' title='bbox 143 3689 172 3739; x_wconf 77' lang='lat' dir='ltr'><strong>c.</strong></span> <span class='ocrx_word' id='word_1_235' title='bbox 190 3689 269 3737; x_wconf 75' lang='lat' dir='ltr'><strong>xvlt</strong></span> <span class='ocrx_word' id='word_1_236' title='bbox 303 3685 327 3750; x_wconf 88' lang='lat' dir='ltr'><strong>r)</strong></span> <span class='ocrx_word' id='word_1_237' title='bbox 343 3689 523 3739; x_wconf 75' lang='lat' dir='ltr'><strong>ibid-coll.</strong></span> <span class='ocrx_word' id='word_1_238' title='bbox 533 3688 589 3739; x_wconf 83' lang='lat' dir='ltr'><strong>citt.</strong></span> <span class='ocrx_word' id='word_1_239' title='bbox 598 3689 658 3738; x_wconf 85' lang='lat' dir='ltr'><strong>ibid.</strong></span> 
     </span>
    </p>
   </div>
   <div class='ocr_carea' id='block_1_6' title="bbox 184 3801 466 3911">
    <p class='ocr_par' dir='ltr' id='par_1_6' title="bbox 184 3801 466 3911">
     <span class='ocr_line' id='line_1_31' title="bbox 225 3801 466 3852; baseline -0.012 -5"><span class='ocrx_word' id='word_1_240' title='bbox 225 3801 337 3852; x_wconf 58' lang='lat' dir='ltr'><strong>Umbra.</strong></span> <span class='ocrx_word' id='word_1_241' title='bbox 350 3805 383 3845; x_wconf 80' lang='lat'><strong>8&#39;1.</strong></span> <span class='ocrx_word' id='word_1_242' title='bbox 397 3814 419 3845; x_wconf 87' lang='lat' dir='ltr'><strong>o.</strong></span> <span class='ocrx_word' id='word_1_243' title='bbox 434 3806 466 3846; x_wconf 84' lang='lat' dir='ltr'><strong>It.</strong></span> 
     </span>
     <span class='ocr_line' id='line_1_32' title="bbox 184 3801 466 3911; baseline -0.028 -10"><span class='ocrx_word' id='word_1_244' title='bbox 184 3801 233 3911; x_wconf 49' lang='lat' dir='ltr'><strong>ff)</strong></span> <span class='ocrx_word' id='word_1_245' title='bbox 246 3852 335 3897; x_wconf 77' lang='lat' dir='ltr'><strong>Ptubn.</strong></span> <span class='ocrx_word' id='word_1_246' title='bbox 350 3857 395 3896; x_wconf 81' lang='lat'><strong>1⁰⁰.</strong></span> <span class='ocrx_word' id='word_1_247' title='bbox 410 3866 432 3897; x_wconf 84' lang='lat' dir='ltr'><strong>o.</strong></span> <span class='ocrx_word' id='word_1_248' title='bbox 445 3854 466 3897; x_wconf 77' lang='lat' dir='ltr'><strong>i.</strong></span> 
     </span>
    </p>
   </div>
   <div class='ocr_carea' id='block_1_7' title="bbox 78 3950 1138 4381">
    <p class='ocr_par' dir='ltr' id='par_1_7' title="bbox 78 3950 1138 4381">
     <span class='ocr_line' id='line_1_33' title="bbox 121 3950 1138 4040; baseline 0.002 -22"><span class='ocrx_word' id='word_1_249' title='bbox 121 3959 155 4018; x_wconf 86' lang='lat' dir='ltr'><strong>c:</strong></span> <span class='ocrx_word' id='word_1_250' title='bbox 173 3960 252 4023; x_wconf 86' lang='lat' dir='ltr'><strong><em>XVI.</em></strong></span> <span class='ocrx_word' id='word_1_251' title='bbox 271 3950 323 4033; x_wconf 51' lang='lat'><strong>52)</strong></span> <span class='ocrx_word' id='word_1_252' title='bbox 345 3961 587 4040; x_wconf 74' lang='lat' dir='ltr'><strong>deceptuseiiisp.</strong></span> <span class='ocrx_word' id='word_1_253' title='bbox 632 3961 681 4018; x_wconf 87' lang='lat' dir='ltr'><strong>cit.</strong></span> <span class='ocrx_word' id='word_1_254' title='bbox 703 3964 757 4033; x_wconf 80' lang='grc'><strong>26)</strong></span> <span class='ocrx_word' id='word_1_255' title='bbox 772 3962 933 4039; x_wconf 77' lang='lat' dir='ltr'><strong>susceptio:</strong></span> <span class='ocrx_word' id='word_1_256' title='bbox 953 3960 1060 4019; x_wconf 91' lang='lat' dir='ltr'><strong>Vienn.</strong></span> <span class='ocrx_word' id='word_1_257' title='bbox 1085 3963 1138 4027; x_wconf 73' lang='lat'><strong>2⁷)</strong></span> 
     </span>
     <span class='ocr_line' id='line_1_34' title="bbox 78 4042 1138 4126; baseline -0.008 -22"><span class='ocrx_word' id='word_1_258' title='bbox 78 4047 135 4126; x_wconf 82' lang='grc'><strong>23)</strong></span> <span class='ocrx_word' id='word_1_259' title='bbox 148 4048 373 4126; x_wconf 72' lang='lat' dir='ltr'><strong>praecipitare:</strong></span> <span class='ocrx_word' id='word_1_260' title='bbox 391 4044 459 4104; x_wconf 85' lang='lat' dir='ltr'><strong>ibid.</strong></span> <span class='ocrx_word' id='word_1_261' title='bbox 633 4042 713 4117; x_wconf 82' lang='lat' dir='ltr'><strong>Quae</strong></span> <span class='ocrx_word' id='word_1_262' title='bbox 727 4056 891 4123; x_wconf 84' lang='lat' dir='ltr'><strong>sequuntur,</strong></span> <span class='ocrx_word' id='word_1_263' title='bbox 911 4043 1014 4103; x_wconf 85' lang='lat' dir='ltr'><strong>desunt</strong></span> <span class='ocrx_word' id='word_1_264' title='bbox 1027 4045 1055 4100; x_wconf 93' lang='lat' dir='ltr'><strong>in</strong></span> <span class='ocrx_word' id='word_1_265' title='bbox 1066 4042 1138 4098; x_wconf 86' lang='lat' dir='ltr'><strong>Coit.</strong></span> 
     </span>
     <span class='ocr_line' id='line_1_35' title="bbox 123 4121 1137 4210; baseline -0.005 -21"><span class='ocrx_word' id='word_1_266' title='bbox 123 4121 267 4189; x_wconf 65' lang='lat' dir='ltr'><strong>extu.</strong></span> <span class='ocrx_word' id='word_1_267' title='bbox 288 4136 340 4201; x_wconf 74' lang='lat'><strong>24)</strong></span> <span class='ocrx_word' id='word_1_268' title='bbox 355 4133 490 4210; x_wconf 76' lang='lat' dir='ltr'><strong>Quodsi:</strong></span> <span class='ocrx_word' id='word_1_269' title='bbox 508 4131 587 4210; x_wconf 87' lang='lat' dir='ltr'><strong>Hisp.</strong></span> <span class='ocrx_word' id='word_1_270' title='bbox 633 4132 694 4189; x_wconf 85' lang='lat' dir='ltr'><strong>citt.</strong></span> <span class='ocrx_word' id='word_1_271' title='bbox 749 4136 806 4202; x_wconf 84' lang='grc'><strong>28)</strong></span> <span class='ocrx_word' id='word_1_272' title='bbox 835 4140 977 4206; x_wconf 69' lang='lat' dir='ltr'><strong>usurpato</strong></span> <span class='ocrx_word' id='word_1_273' title='bbox 1003 4127 1137 4185; x_wconf 71' lang='lat' dir='ltr'><strong>acutius:</strong></span> 
     </span>
     <span class='ocr_line' id='line_1_36' title="bbox 82 4208 1053 4296; baseline -0.009 -22"><span class='ocrx_word' id='word_1_274' title='bbox 82 4217 169 4294; x_wconf 78' lang='lat' dir='ltr'><strong>Quod</strong></span> <span class='ocrx_word' id='word_1_275' title='bbox 183 4236 267 4293; x_wconf 84' lang='lat' dir='ltr'><strong>quum</strong></span> <span class='ocrx_word' id='word_1_276' title='bbox 283 4218 326 4274; x_wconf 80' lang='lat' dir='ltr'><strong>ito</strong></span> <span class='ocrx_word' id='word_1_277' title='bbox 340 4217 389 4285; x_wconf 79' lang='lat' dir='ltr'><strong>sit,</strong></span> <span class='ocrx_word' id='word_1_278' title='bbox 409 4217 494 4292; x_wconf 76' lang='lat' dir='ltr'><strong>aliq„-</strong></span> <span class='ocrx_word' id='word_1_279' title='bbox 514 4221 588 4293; x_wconf 80' lang='lat' dir='ltr'><strong>orig.</strong></span> <span class='ocrx_word' id='word_1_280' title='bbox 635 4216 714 4296; x_wconf 80' lang='lat' dir='ltr'><strong>Hisp.</strong></span> <span class='ocrx_word' id='word_1_281' title='bbox 760 4220 812 4287; x_wconf 81' lang='lat'><strong>29)</strong></span> <span class='ocrx_word' id='word_1_282' title='bbox 837 4217 965 4273; x_wconf 75' lang='lat' dir='ltr'><strong>doraum:</strong></span> <span class='ocrx_word' id='word_1_283' title='bbox 985 4208 1053 4269; x_wconf 86' lang='lat' dir='ltr'><strong>ibid.</strong></span> 
     </span>
     <span class='ocr_line' id='line_1_37' title="bbox 80 4300 588 4381; baseline -0.002 -23"><span class='ocrx_word' id='word_1_284' title='bbox 80 4321 125 4381; x_wconf 83' lang='lat' dir='ltr'><strong>ep.</strong></span> <span class='ocrx_word' id='word_1_285' title='bbox 144 4300 235 4360; x_wconf 87' lang='lat' dir='ltr'><strong>Mans.</strong></span> <span class='ocrx_word' id='word_1_286' title='bbox 272 4305 325 4374; x_wconf 77' lang='lat'><strong>25)</strong></span> <span class='ocrx_word' id='word_1_287' title='bbox 346 4303 494 4361; x_wconf 73' lang='lat' dir='ltr'><strong>autentu:</strong></span> <span class='ocrx_word' id='word_1_288' title='bbox 515 4303 588 4378; x_wconf 83' lang='lat' dir='ltr'><strong>orig.</strong></span> 
     </span>
    </p>
   </div>
   <div class='ocr_carea' id='block_1_8' title="bbox 0 0 1320 4898">
    <p class='ocr_par' dir='ltr' id='par_1_8' title="bbox 0 0 1320 4898">
     <span class='ocr_line' id='line_1_38' title="bbox 0 0 1320 4898; baseline 0 0"><span class='ocrx_word' id='word_1_289' title='bbox 0 0 1320 4898; x_wconf 95' lang='lat' dir='ltr'><strong> </strong></span> 
     </span>
    </p>
   </div>
  </div>
 </body>
</html>
