2594 4898
191 346 263 413 ⁴⁰ss
436 342 754 405 Ruotu'ontnntt
777 342 1019 406 SECUNDUS.

191 526 260 595 tur,
289 520 322 579 et
344 511 436 577 nobie
457 514 490 577 in
513 510 608 593 triplo
626 511 749 576 bannus
771 518 895 593 uenter,
922 514 957 578 id
978 519 1045 591 eet,
1073 513 1145 579 LX
1160 516 1256 596 solidi,

188 614 426 700 persolvantur,
456 622 512 678 aut
536 617 605 695 ipse
630 616 663 680 in
689 616 819 679 servitio
844 610 925 678 fisco
950 623 1064 681 nostro
1090 620 1257 683 serviturus

190 740 315 801 semper
336 710 489 793 societur,
517 738 616 797 usque
637 738 673 780 ne
694 718 849 781 redimere
870 719 903 779 in
925 716 1022 800 triplo
1047 720 1145 785 iuxta
1165 741 1256 785 wem·

189 820 309 911 gildam
330 841 421 884 suum
442 821 592 901 potuerit.
637 816 756 884 Sancta
776 841 854 883 vero
877 818 1013 887 ecclesia
1036 822 1071 885 in
1087 820 1256 887 'sacerdoti-

189 924 251 991 bus
268 930 408 1001 constat,
433 920 552 985 idcirco
570 920 685 1005 magna
702 942 806 1004 poena
827 920 985 1010 plectendi
1006 932 1097 1000 aunt,
1126 926 1181 1007 qui
1200 926 1256 1007 epi·

190 1028 293 1106 scopia
318 1023 371 1088 vel
396 1020 526 1103 reliquiae
547 1022 765 1087 sacerdotibus
790 1024 938 1087 iniuriam
957 1022 1008 1087 vel
1037 1024 1256 1091 contumelium

188 1129 333 1193 feceriut.
377 1124 461 1189 Nam
478 1125 632 1188 detractio
650 1125 853 1189 sacerdotum
870 1126 910 1189 ad
930 1124 1097 1211 Christum
1114 1131 1254 1211 pertinet,

190 1232 277 1294 cuius
293 1231 362 1292 vioe
379 1226 540 1313 legatione
557 1228 590 1290 iu
612 1224 747 1290 ecclesia
763 1227 946 1312 fuugtmtru.

191 1484 229 1549 C.
249 1482 412 1549 XXVIII.
461 1482 553 1560 Quae
564 1488 769 1569 poentientia
785 1480 972 1569 imponendo
988 1492 1035 1551 nit
1052 1482 1115 1565 dni,
1139 1486 1254 1574 quisa-

432 1624 497 1669 rem
514 1613 574 1669 aot
591 1606 745 1669 latronem
763 1603 965 1683 interficiant
977 1604 1016 1689 ⁰).

274 1773 310 1837 Si
334 1774 388 1837 fur
413 1736 468 1837 aut
492 1772 576 1837 latro
604 1782 713 1854 captus
743 1776 776 1838 in
801 1774 921 1858 praeda
951 1728 1070 1856 niaque
1103 1778 1255 1842 occisione

84 1904 89 1913 ·
188 1882 293 1957 potest
311 1874 549 1955 comprehendI,
577 1882 609 1939 et
630 1883 737 1940 tamen
758 1873 961 1956 interficitur,
991 1879 1063 1957 quia
1087 1878 1131 1942 ad
1151 1881 1255 1964 irregi-

188 1999 262 2043 nem
278 1975 341 2041 Dei
359 1980 472 2056 creati,
500 1983 534 2041 et
550 1979 588 2040 iu
607 1980 733 2042 nomine
756 1981 824 2042 eius
842 1979 993 2059 baptizati
1013 1985 1105 2059 nunt,
1133 1980 1255 2045 interin-

189 2088 294 2149 ctorea
316 2101 426 2143 eorum
447 2078 646 2144 XL·diebus
668 2101 733 2143 non
756 2083 875 2167 intrent
895 2083 927 2144 in
951 2078 1138 2157 ecclesiam3
1166 2081 1256 2146 Inuca

187 2191 279 2247 veste
297 2183 409 2261 induti,
427 2182 468 2246 ab
488 2184 568 2245 escis
586 2190 619 2245 et
631 2181 771 2262 potibus,
790 2184 841 2263 qui
858 2182 1018 2247 interdicti
1031 2191 1110 2248 sunt
1127 2205 1200 2249 cum
1211 2186 1255 2268 η)

188 2285 293 2364 thoro,
311 2283 424 2369 gladiis
435 2284 488 2363 Η)
507 2291 539 2347 et
557 2286 698 2364 equitatu
713 2305 749 2347 se
766 2283 957 2364 abstineant,
974 2286 1007 2349 in
1024 2286 1135 2367 tertie,
1152 2278 1257 2369 nuintn

187 2387 269 2451 feria
287 2394 320 2449 et
336 2384 470 2449 sabbato
489 2384 594 2466 aliquo
615 2407 733 2471 genere
754 2385 948 2472 leguminum
969 2383 1020 2450 vel
1042 2384 1203 2468 oleribus,
1229 2394 1259 2453 nt

186 2491 304 2570 pomis,
332 2489 438 2569 parvis
463 2486 636 2569 pisciculis,
666 2510 737 2553 cum
762 2488 915 2553 mediocri
941 2488 1099 2553 cerevisia
1119 2492 1258 2563 viniani!

186 2597 317 2655 utentur
340 2578 641 2675 et'temperatess).
686 2589 744 2655 Sin
769 2597 876 2654 autem
897 2610 917 2653 a
937 2590 1089 2655 veridicis
1115 2613 1258 2674 compro·

186 2691 281 2756 batur
302 2690 452 2771 testibus,
480 2692 563 2771 quod
586 2693 655 2756 sine
677 2692 744 2754 odii
765 2692 985 2771 meditatione,
1017 2713 1054 2756 ne
1077 2714 1203 2776 suaque
1223 2693 1257 2758 li·

186 2793 343 2872 berando,
371 2792 489 2855 diaboli
507 2793 647 2857 membra
664 2791 935 2878 interficiunt⁴⁸)‚
962 2794 1139 2859 secundum
1158 2796 1255 2861 indul·

187 2897 326 2978 gentiam
343 2894 407 2958 XL
426 2895 534 2957 diebus
552 2894 592 2957 ab
612 2893 762 2974 ecclesia,
790 2917 900 2974 carne,
926 2897 1018 2975 vino,
1047 2904 1083 2962 et
1101 2900 1254 2984 coniugio,

187 2995 421 3078 eleemosynam
438 2994 568 3082 largiter
584 2996 748 3078 iaciendo,
778 2997 966 3062 abstineant.
1019 2997 1063 3062 Et
1081 3001 1110 3062 ai
1127 3000 1253 3082 presby·
1283 2940 1289 3063 l

185 3104 236 3162 ter
258 3105 321 3177 est,
349 3120 412 3163 non
434 3099 624 3179 deponatur,
652 3101 773 3164 cunctis
798 3108 905 3164 tamen
931 3101 1019 3164 vitae
1040 3121 1123 3166 snae
1149 3103 1251 3169 diebun

186 3202 415 3280 poenitentiam
434 3203 555 3287 agendo
568 3205 631 3278 ⁴²).
1262 3102 1284 3491 l

1277 3350 1289 3393 l

1275 3418 1289 3465 t÷

184 3384 397 3392 μα’-ι*

253 3514 280 3560 G.
298 3513 416 3560 xxvffl.
450 3512 478 3573 ο)
497 3515 586 3559 Cenon
600 3511 793 3573 poenitentialia
807 3512 1048 3575 Incertaeoriginia
1060 3540 1092 3551 ·-
1108 3515 1201 3565 Barth
1208 3515 1242 3562 XI

185 3582 227 3628 oo.
241 3580 303 3640 (Β),
318 3582 393 3629 Dect.
406 3582 475 3628 XIII.
489 3585 530 3630 46.
545 3577 613 3645 (a),
629 3583 656 3629 C.
670 3583 738 3629 XIII.
753 3597 777 3640 q.
787 3584 811 3630 2.
821 3596 843 3628 c.
853 3583 894 3630 32.
904 3582 969 3643 (D.),·
983 3596 1066 3632 onam:
1087 3582 1135 3633 Er
1144 3584 1241 3632 statilio

183 3646 482 3780 ..ἕξιινειὶιὲιηκιθῖὴῑζυποὴ
499 3650 568 3697 x1x.
585 3654 607 3696 d.
621 3651 689 3712 (pag.
703 3650 784 3712 266.)‚
797 3650 897 3698 Poenit.
909 3655 1018 3699 Roman.
1032 3652 1096 3701 nat.
1109 3650 1240 3715 num-t
1270 3674 1289 3751 ἴ,

226 3881 259 3941 C.
286 3881 420 3945 XXVIII.
453 3891 511 3961 43)
545 3907 579 3946 o:
617 3887 693 3946 Goll.
740 3890 853 3949 luerent
868 3889 997 3966 aliquid,
1024 3890 1109 3967 quod
1123 3890 1240 3951 tuan
1267 3928 1289 3967 η

183 3967 245 4027 citt.
290 3970 342 4044 44)
361 3971 520 4046 oglodt'o:
538 3970 607 4030 ibid.
639 3979 692 4047 45)
739 3976 810 4033 tatis
828 3982 880 4045 est,
891 3971 1020 4050 secm3
1040 3985 1076 4037 et
1089 3974 1240 4055 sifi-esdr
1267 3996 1289 4051 ἡ

182 4056 356 4132 temperati:
406 4053 528 4134 Guelph.
574 4055 692 4117 Heimst.
738 4069 785 4118 ter
809 4061 981 4129 (secundom
1004 4092 1041 4103 -
1066 4060 1238 4121 odanam&
1256 4096 1287 4136 ,,

180 4140 234 4214 46)
253 4149 285 4198 et
300 4141 604 4220 cepz'nonpoteront,
618 4162 694 4221 poe·
738 4142 815 4216 des.)
846 4144 920 4203 Coit.
953 4144 1017 4203 citt.
1071 4151 1133 4221 47)
1162 4152 1237 4225 ngat:
1254 4140 1289 4251 l„

180 4225 336 4285 attentam
366 4246 425 4305 pro
458 4227 619 4287 homicidio
651 4231 694 4288 cis
738 4228 814 4288 IIild.
832 4227 895 4291 Bel.
913 4227 988 4289 cett.
1007 4230 1073 4291 citt.
1266 4234 1289 4307 {c

179 4327 240 4370 non
264 4312 456 4390 aarongtmoc,
484 4313 546 4373 nt'si
565 4314 625 4392 apsi
642 4332 693 4373 vo·
1266 4334 1289 4397 3,-

1249 4584 1289 4843 l
