2594 4898
446 351 830 434 capxmu-xnvm.
1108 356 1171 421 su

202 518 241 585 G.
259 516 383 584 XLVI.
427 516 487 585 Ex
507 519 838 625 ConciioMeidemi,
856 543 927 607 cap.
946 522 1042 588 XXI.
1056 521 1079 609 ἱ)
1181 539 1292 589 ΛΜ

191 655 466 742 investigandum,
493 659 522 719 si
546 654 625 720 nibil
649 659 831 738 patrimonii
853 656 973 723 babens
994 658 1173 743 presbyter,

100 758 233 840 ‚quando
258 766 428 841 provectus
454 769 504 822 est
529 760 572 823 ad
597 760 740 823 ordinem
767 758 1031 840 ecclesiasticum,
1062 770 1175 842 postea

104 863 223 925 emerit
239 861 385 943 praedia,
403 862 492 925 cuius
509 862 586 925 iuris
604 863 682 940 sini,
701 863 849 941 qnoniam
861 867 914 947 ⁸⁸)
932 861 1085 927 ecclesiae
1102 884 1175 930 esse

104 962 236 1027 debent.
279 963 500 1043 Unusquisque
522 965 605 1026 enim
635 963 802 1046 presbyter
831 966 972 1045 proprias
1000 985 1068 1044 res,
1095 986 1174 1046 quas

104 1073 180 1148 post
205 1065 289 1128 diem
316 1067 563 1129 consecrationis
589 1067 804 1145 acquisiverit,
832 1064 985 1130 ecclesiae
1006 1065 1172 1147 relinquat.

106 1166 144 1232 Si
162 1173 268 1232 autem
286 1163 391 1230 alieno
410 1168 538 1230 nomine
555 1188 606 1230 res
626 1170 867 1247 comparaverit,
887 1176 920 1232 et
936 1168 982 1232 ibi
998 1176 1175 1234 structuras

105 1268 236 1349 fecerit,
254 1267 307 1332 vel
324 1289 406 1348 quae
424 1268 465 1330 ad
483 1267 649 1332 ecclesiam
665 1268 712 1332 ibi
728 1268 800 1333 Deo
820 1268 1040 1351 collocaverit,
1064 1279 1175 1335 contra

106 1370 238 1437 decretu
258 1390 415 1435 canonum
437 1368 498 1433 boc
519 1370 636 1434 malum
659 1373 777 1456 agitur,
802 1374 875 1451 quia
897 1372 1096 1459 sacrilegium
1113 1380 1173 1455 est,

107 1480 143 1539 et
161 1494 221 1555 par
242 1473 360 1536 crimen
383 1470 480 1535 Iudae
493 1472 546 1560 ⁸⁴)
569 1473 647 1536 iuris
670 1494 741 1537 esse
763 1473 974 1557 dignoscitur,
996 1474 1048 1555 qui
1065 1494 1174 1540 sacras

107 1572 289 1639 oblationes
306 1572 479 1639 iurabatur.

110 1743 149 1809 C.
173 1742 315 1809 XLVII.
364 1744 418 1810 De
435 1748 588 1828 feminis,
610 1768 693 1835 puae
713 1749 878 1832 religionis
898 1757 1017 1813 vesteis
1038 1746 1295 1815 donimane

145 1853 289 1933 propriis
309 1856 520 1928 mutaverint,
546 1856 578 1914 si
592 1858 708 1934 posteo
734 1844 929 1916 concubitis·
956 1853 1131 1936 elegerint,

460 1952 539 2038 quid
553 1953 710 2036 agendum
727 1960 772 2017 eii
783 1949 826 2036 ις).

196 2084 248 2150 De
264 2085 367 2151 viduis
385 2092 419 2151 et
434 2085 564 2167 puellis,
584 2109 664 2168 quae
681 2086 822 2151 habitum
839 2087 1003 2173 religionis
1024 2091 1057 2152 in
1075 2089 1176 2153 domi·

105 2188 170 2255 bu's
181 2182 321 2271 'propriis
338 2195 403 2253 tam
421 2188 657 2269 aparentibus,
681 2210 775 2269 qnam
792 2210 849 2269 per
865 2211 900 2253 se
917 2192 1124 2271 mutaverint,
1144 2198 1177 2254 et

105 2291 138 2357 si
162 2297 276 2374 postea
301 2299 411 2356 contra
436 2293 581 2355 instituta
605 2299 729 2372 patrum
754 2289 805 2354 vel
828 2299 997 2371 praecepta
1023 2311 1177 2355 canonum

105 2394 257 2478 coniugia
278 2394 468 2458 crediderint
493 2392 686 2474 copulanda,
708 2393 829 2457 tamdiu
854 2394 976 2473 utrique
998 2392 1177 2457 habeantur

107 2518 130 2561 a
147 2496 365 2561 communione
381 2498 538 2576 suspensi,
557 2517 733 2576 quousque,
752 2495 834 2576 quod
851 2492 962 2560 illicito
974 2503 1177 2576 'perpetrave-

105 2600 192 2678 riut,
210 2596 388 2662 emendent.
417 2594 511 2672 Quod
528 2600 556 2661 si
576 2597 744 2662 emendare
762 2596 981 2682 neglexerint,
1000 2620 1019 2660 a
1037 2619 1176 2661 commu-

106 2700 209 2766 uione
230 2697 281 2763 vel
304 2701 443 2765 omnium
461 2697 714 2764 Christianorum
732 2701 877 2765 convIvio
895 2702 928 2763 in
946 2706 1096 2780 perpetuo
1114 2702 1179 2764 sint

107 2803 311 2885 sequestrati.
498 2800 502 2805 ’

109 2970 150 3039 C.
176 2970 334 3038 XLVIII.
385 2971 536 3059 Idpieiolo
564 2973 655 3041 decii
681 2975 837 3060 Gregorii
859 2974 974 3060 Papae
1004 2973 1281 3057 Bonifacsbsum

153 3074 402 3161 Arcdiepiscopo
421 3084 533 3157 maio,
560 3084 595 3141 io
620 3100 683 3163 poc
704 3086 791 3142 inter
812 3087 922 3143 cetera
944 3084 994 3144 ita
1016 3080 1137 3162 legitur

450 3179 610 3244 decretvm
627 3180 667 3243 de
682 3180 787 3243 vidua
800 3175 822 3263 1)
829 3201 842 3241 .·

202 3310 324 3378 Viduas
345 3336 366 3377 e
386 3317 548 3396 proposito
571 3313 769 3379 discedentes
790 3314 968 3393 viduitatis,
995 3334 1090 3393 snper
1110 3314 1178 3394 qui-

111 3415 171 3481 bus
206 3438 265 3480 nos
298 3415 463 3481 consulere
493 3415 594 3480 voluit
620 3415 749 3483 dilectio
775 3425 845 3495 tua,
877 3415 978 3479 irater
1004 3417 1178 3494 carissime,

113 3517 208 3582 credo
232 3525 264 3582 te
283 3539 377 3582 nosse
396 3540 416 3582 a
433 3527 544 3583 sancto
562 3518 717 3600 Apostolo
736 3527 769 3583 et
786 3540 806 3581 a
823 3517 929 3582 multis
947 3518 1064 3582 sanctis
1081 3518 1179 3597 patri-

115 3813 161 3858 m
182 3741 318 3859 ‘iabiu’
352 3744 374 3806 i)
392 3745 471 3793 Immo
490 3745 627 3793 conflatum
646 3747 687 3792 est
705 3744 753 3794 boc
772 3745 851 3806 ceput
868 3757 901 3792 ex
920 3744 982 3805 Reg.
998 3745 1026 3791 1..
1040 3744 1060 3792 1.
1079 3743 1180 3805 c.222.,

164 3825 196 3860 .e
270 3845 276 3860 .

183 3882 212 3927 G.
229 3880 331 3929 XLVII.
365 3876 395 3944 I)
414 3881 506 3928 Bened.
516 3881 599 3941 capit.
609 3883 637 3930 L.
645 3883 688 3930 III.
698 3896 721 3930 c.
732 3883 789 3929 338.
798 3882 887 3944 (Cone.
897 3880 978 3931 Puris.
987 3882 1017 3927 V.
1022 3910 1030 3941 ,
1049 3880 1106 3929 hab.
1121 3894 1180 3928 sun.

115 3950 185 4011 oia,
196 3962 220 3995 c.
230 3947 298 4006 ts),
317 3949 352 3996 et.
361 3949 422 4008 lleg.
431 3949 497 4009 App.
507 3952 538 3998 ll.
549 3964 571 3998 c.
582 3951 622 3997 35.

182 4018 211 4065 c.
228 4017 341 4064 XLVIII.
376 4015 398 4076 l)
416 4018 506 4077 Neque
520 4018 588 4065 inter
601 4016 718 4078 Gregorii
727 4020 771 4077 Il.,
786 4031 869 4076 neque
879 4016 996 4078 Gregorii
1006 4019 1048 4063 III.
1061 4016 1093 4065 ed
1103 4015 1180 4062 Boni-

113 4085 211 4134 iscinm
226 4084 350 4145 epistolas
364 4090 493 4144 repertum
507 4088 554 4133 est.
590 4086 686 4145 Exstat
699 4090 784 4134 sutem
799 4085 825 4132 in
842 4086 933 4133 Bened.
943 4085 1025 4145 capit.
1035 4084 1097 4132 Add.
1106 4085 1148 4131 IV.
1158 4097 1180 4129 c.

112 4156 167 4216 θα,
178 4166 240 4202 cunr
248 4152 338 4200 eedem
347 4164 466 4216 prorsus,
475 4157 504 4201 ut
512 4153 566 4215 hu,
576 4153 753 4214 inscriptione.
790 4154 829 4203 oi.
839 4154 900 4216 lieg.
909 4155 973 4213 App.
982 4154 1014 4201 11.
1024 4165 1047 4199 c.
1057 4152 1098 4198 29.

157 4308 192 4366 C.
215 4304 320 4365 XLVI.
344 4309 396 4375 83)
417 4325 534 4367 onnon:
553 4306 628 4366 llild.
651 4306 712 4366 Bal.
757 4311 809 4379 84)
830 4304 914 4365 deest
935 4302 1003 4362 ibid.
