2594 4898
333 322 417 405 App.
437 323 473 384 ll.
493 344 566 407 cap.
584 324 848 387 xxv-xxvii.
1060 327 1134 389 tat)

61 493 127 557 hoc
148 492 335 577 intelligitur
357 496 559 573 exposuisse,
587 515 657 558 cmn
684 495 774 559 dicit:
800 494 1038 575 Horrorp'ficcdit
1063 519 1132 562 aa

57 606 160 680 pater
176 618 271 661 meus.
293 592 389 674 Nam,
408 617 500 675 quem
518 597 667 660 nmiorem
683 594 836 661 honorem
854 601 998 677 accipere
1014 603 1132 678 poterit

62 699 250 778 adoptatus,
269 718 361 777 quam
378 705 413 761 ut
430 701 487 776 sit,
507 698 560 760 nbi
578 706 628 761 est
643 701 769 777 unicus,
790 721 853 762 noo
873 699 1013 778 aequalis
1030 702 1132 767 factus
1236 773 1242 784 ‚

62 800 234 877 divinitati,
252 802 308 863 scd
328 803 525 863 consociatus
543 800 739 863 aeternitati?
759 800 842 877 Quid
861 803 903 865 sit
920 810 1026 865 antem
1040 806 1131 867 ruini·

62 910 166 967 strare
184 900 328 980 Christo,
348 904 398 965 cui
415 905 504 983 operi
520 923 641 965 merces
659 910 749 966 tanta
765 905 973 983 promittitur,
997 902 1057 966 hoc
1074 926 1131 984 po·

16 1084 20 1089 ,
62 1006 127 1085 tius
153 1004 302 1068 debemus
330 1006 499 1084 inquirere.
556 1003 592 1067 Si
619 1007 702 1069 enirn
734 1004 794 1069 hoc
823 1008 1036 1087 putaverimus
1062 1028 1132 1071 esse

64 1104 193 1171 christo
211 1108 404 1183 ministrare,
423 1128 476 1184 ea,
496 1128 575 1185 quaa
593 1115 667 1169 sunt·
684 1110 808 1187 corpori
827 1110 1021 1185 necessaria,
1040 1130 1131 1187 prae·

8 1254 12 1289 ,
62 1229 188 1288 parare,
207 1216 262 1272 aut
279 1209 426 1271 coenanti
439 1208 544 1271 cibum
561 1229 696 1288 coquere
713 1208 765 1273 vel
779 1232 950 1290 apponere,
969 1209 1020 1273 vel
1033 1231 1130 1291 pocu-

62 1308 131 1374 lum
153 1310 229 1375 dare
250 1317 420 1391 potumque
441 1312 590 1387 miscere,
613 1310 758 1375 lecerunt.
780 1310 840 1376 hoc
858 1311 921 1390 illi,
944 1314 997 1392 qui
1017 1321 1129 1392 potue·

25 1404 32 1411 ’
62 1419 139 1475 runt
166 1434 237 1476 eum
258 1414 291 1474 in
314 1434 446 1492 corpore
469 1411 588 1475 habere
610 1421 822 1493 praesentem,
846 1415 928 1479 sicut
945 1412 1076 1479 Martha
1098 1422 1131 1479 et

63 1512 185 1593 Maria,
214 1515 337 1595 qnando
365 1523 398 1578 et
423 1513 567 1578 Lazarus
593 1537 673 1577 uuus
699 1522 769 1579 erat
795 1537 839 1580 ex
865 1515 1129 1581 recumbentibus.

63 1615 130 1682 Sed
162 1638 200 1679 en
231 1618 325 1679 modo
352 1615 479 1680 Christo
511 1619 607 1680 etiam
632 1615 727 1681 ludas
757 1619 898 1697 perditus
918 1621 1129 1683 ministravit.

62 1715 147 1783 Nam
161 1728 194 1785 et
206 1717 326 1782 loculos
344 1718 482 1782 habebat
498 1721 577 1799 ipse,
597 1727 639 1798 et,
658 1721 799 1799 quamvis
817 1722 937 1799 exeis,
956 1723 1007 1800 qui
1025 1723 1131 1786 mitte·

63 1820 189 1901 bantur,
207 1820 451 1886 sceleratissima
467 1821 637 1900 furaretur,
656 1844 712 1901 per
731 1821 821 1886 illum
838 1832 943 1886 tamen
962 1825 1058 1887 etiam
1076 1845 1130 1886 ne·

62 1924 203 1986 cessaria
228 1924 429 2004 parabantur.
473 1922 557 1988 Hinc
584 1931 617 1987 et
641 1923 735 2002 illud,
762 1926 845 2006 quod
870 1948 940 1989 cum
961 1928 992 1989 ei
1010 1926 1130 1991 diceret

15 2108 21 2115 Ι
59 2022 230 2091 Dominus:
252 2024 459 2106 decussae,
469 2027 537 2106 fac
552 2029 720 2104 velociter,
739 2026 884 2091 arbitrati
901 2035 976 2091 sunt
989 2028 1129 2106 quidam,

61 2128 149 2209 quod
171 2149 242 2191 enm
264 2131 391 2191 iusserit
413 2135 540 2207 propter
560 2128 644 2190 diem
661 2129 777 2192 festum
795 2130 976 2190 necessaria
998 2150 1130 2208 praepa-

10 2308 14 2317 Ι
58 2249 152 2309 rare,
175 2229 224 2293 vel
241 2230 454 2314 indigentibus
479 2228 596 2310 aliquid
614 2230 701 2291 dare.
746 2227 846 2293 Nullo
863 2219 959 2291 modo
977 2230 1072 2313 igitur
1089 2227 1129 2293 de

10 2332 14 2347 '
59 2332 282 2413 huiuscemodi
302 2333 453 2395 ministris
477 2332 595 2395 diceret
615 2328 785 2395 Dominusz
819 2324 884 2394 Ula·
902 2351 961 2415 ego
982 2340 1063 2408 snm,
1084 2328 1133 2395 ili

59 2441 335 2501 alternanter
351 2456 445 2498 merca
481 2431 521 2498 St
535 2440 604 2518 quic
621 2433 700 2498 milri
713 2439 960 2513 pronuntieris,
978 2430 1129 2511 honorifi-

59 2537 149 2605 catis
172 2560 241 2602 conr
256 2548 358 2622 pater
378 2558 477 2613 meua,
501 2536 648 2615 quoniam
666 2534 777 2599 ludam
798 2534 877 2599 talia
897 2536 1130 2599 ministrantem

57 2638 264 2720 reprobatum
289 2640 410 2717 potius,
442 2659 535 2718 qnam
561 2636 751 2701 honoratum
776 2639 928 2702 videmus.
958 2690 961 2695 .
986 2635 1030 2700 Ut
1056 2636 1130 2715 quid

59 2762 139 2827 ergo
163 2740 239 2803 alibi
262 2742 456 2820 quaerimus,
484 2740 558 2820 quid
579 2741 621 2802 sit
641 2741 821 2803 ministrare
840 2738 982 2814 Christo,
1010 2745 1043 2802 et
1065 2759 1130 2801 noo

57 2844 168 2927 potius
193 2845 318 2907 inistis
340 2843 415 2922 ipsis
438 2842 543 2906 verbis
566 2840 783 2924 agnoscimus?
817 2839 898 2905 Cum
920 2844 1005 2905 enim
1031 2841 1128 2904 dixit:

58 2945 103 3013 So·
121 2954 191 3033 quic
211 2945 290 3011 milri
308 2951 485 3018 miscuerat,
513 2966 562 3008 me
582 2954 748 3030 replentur,
776 2943 837 3008 hoc
862 2942 996 3028 intelligi
1017 2943 1129 3022 voluit,

58 3072 102 3116 ac
118 3051 148 3112 si
164 3049 295 3112 diceret:
315 3047 351 3110 Si
369 3049 437 3126 quis
454 3068 506 3110 me
523 3067 588 3110 non
604 3049 761 3126 requitur,
783 3046 862 3110 mibi
879 3069 943 3111 noo
960 3048 1128 3110 ministrat.

57 3150 248 3217 Ministrant
274 3171 350 3234 ergo
373 3147 517 3227 Christo,
545 3149 598 3228 qui
619 3169 682 3210 oon
700 3169 760 3210 sua
780 3155 947 3228 quaerunt,
973 3148 1030 3211 scd
1049 3167 1130 3227 quae

58 3253 138 3318 Iesu
163 3252 292 3317 Christi.
353 3249 425 3314 Hoc
451 3258 500 3314 est
527 3250 625 3312 eninr:
661 3269 709 3312 mc
734 3258 924 3334 sequuntur,
959 3249 1028 3310 vias
1064 3268 1130 3309 am·

59 3354 175 3420 bolant
191 3377 294 3432 meas,
313 3375 378 3416 non
395 3374 485 3432 suas,
503 3353 585 3415 sicut
602 3349 680 3414 alibi
698 3353 847 3429 scriptum
865 3357 928 3413 est:
950 3347 1015 3423 Qui
1030 3369 1064 3412 sc
1081 3349 1129 3411 di-

60 3465 111 3524 ce't
126 3463 162 3522 e‘n
181 3456 306 3521 Christo
323 3476 466 3533 manere,
489 3451 596 3531 debet,
618 3461 704 3517 sicut
723 3455 780 3517 illc
801 3450 988 3529 cohortavit,
1011 3460 1045 3515 ct
1062 3456 1130 3534 epse

60 3559 238 3637 ambulare,
271 3558 367 3621 debet
393 3559 504 3635 ctiam,
536 3558 565 3619 si
593 3557 726 3638 porrigit
751 3556 901 3619 esurienti
929 3574 1059 3633 planem,
1090 3553 1129 3614 de

59 3661 278 3727 misericordia
303 3661 425 3737 lacere,
452 3681 515 3722 noo
544 3660 583 3724 de
608 3659 775 3736 iactantia,
802 3657 964 3720 nesciente
989 3657 1128 3734 sinistra,

61 3764 138 3847 qnid
160 3765 256 3826 faciat
278 3763 408 3840 dextra,
430 3761 463 3824 id
482 3767 546 3838 est,
569 3767 604 3823 ut
622 3758 778 3823 alienetur
796 3760 928 3822 intentio
947 3758 1129 3838 cupiditatis

61 3865 103 3929 ab
126 3887 222 3945 opere
249 3866 401 3928 caritatis.
446 3861 511 3937 Qui
536 3865 582 3925 sic
607 3863 779 3938 ministrat,
809 3857 937 3923 Christo
959 3861 1128 3938 ministrat,

60 3975 211 4047 recteque
238 3964 284 4029 illi
311 3967 447 4029 dicetur:
478 3962 572 4038 Quod
594 3969 653 4027 ursi
672 3984 716 4027 ex
738 3968 871 4027 minimi
893 3971 968 4028 mesi
981 3964 1128 4043 fecistis,

60 4058 298 4149 midifeccbtic,
315 4089 375 4131 nec
393 4089 432 4131 ea
449 4075 584 4144 tantum,
607 4087 688 4145 qnae
706 4066 745 4128 ad
768 4067 1017 4130 misericordiam
1033 4065 1129 4143 perti-

61 4178 141 4236 nent
162 4169 374 4252 corporalem,
397 4172 453 4233 sed
476 4171 581 4233 omnia
603 4190 699 4248 opera
718 4167 801 4232 bona
823 4175 952 4248 proptor
968 4162 1128 4226 Christum

60 4274 194 4339 faciens.
240 4271 334 4338 Tunc
352 4274 437 4337 euim
454 4278 547 4337 erunt
563 4270 664 4350 bona,
683 4272 830 4351 quoniam
846 4266 920 4332 finis
937 4264 1018 4349 legis
1036 4261 1128 4327 Chri·
