2594 4898
331 355 409 435 aaa.
433 343 906 445 ccccxxxi-ccccxxxv.
1066 354 1138 420 non

65 542 151 607 pace
168 522 294 587 reddita
310 531 365 585 aut
381 524 440 603 ipsi
455 522 586 586 redeant
603 522 644 585 ad
663 522 735 585 loca
751 543 820 602 sua,
838 532 893 586 aut
910 525 1053 586 seniores
1069 520 1140 587 illo-

68 644 142 691 rum
160 637 216 689 eos
232 626 398 704 recipiant.
444 621 560 688 Nullus
577 632 683 687 autem
706 644 762 687 eos
778 626 931 687 inservire
948 637 1140 705 praesumat,

69 748 111 792 eo
129 718 214 808 qnort
232 718 305 789 ioco
322 727 508 790 mercenarii
525 727 607 806 apud
626 725 761 806 aliquem
779 729 965 805 manserint,
992 748 1052 791 uec
1068 748 1141 793 cen·

69 851 142 894 suro
165 837 220 893 aut
240 829 391 892 tributum
414 830 555 912 exigere.
600 823 722 902 Quodsi
742 830 887 891 inventus
903 828 1061 892 fuerit'cx
1077 831 1141 893 roi·

70 926 217 1013 publicae·
236 931 387 994 ministris
410 938 465 993 aut
485 928 566 993 aliur
588 928 807 1012 quilibet²⁸⁴)
831 938 941 993 contra
961 928 1024 993 hoc
1040 932 1141 1011 picta·

69 1036 114 1097 tis
129 1040 332 1114 praeceptum
348 1032 456 1096 facere
472 1038 528 1096 aut
548 1032 676 1111 brisso,
706 1031 844 1096 bannum
861 1040 1004 1097 nostrum
1022 1026 1141 1097 eximie

72 1144 253 1217 componet.
301 1204 305 1211 ,

289 1320 327 1385 C.
345 1319 625 1388 ccccxxxlv.
676 1321 767 1388 Unde
782 1343 879 1407 aspra
892 1321 932 1407 bj.
1149 1347 1198 1396 425

124 1464 135 1479 '
159 1457 310 1522 Pervenit
325 1458 367 1521 ad
385 1479 477 1523 aures
495 1456 709 1537 sacerdotum,
737 1459 819 1538 quod
841 1456 982 1543 profugi,
1010 1461 1063 1541 qui
1084 1481 1141 1541 pa·

72 1576 227 1649 gnuormrr
246 1581 367 1640 manus,
390 1560 534 1623 omnibus
554 1560 644 1624 bonis
663 1561 802 1640 amissis,
825 1562 880 1624 vix
900 1568 1085 1641 evaserunt,
1107 1562 1142 1625 in

72 1656 256 1749 regionibns
278 1664 395 1726 uostris
418 1684 437 1726 a
459 1660 644 1743 quibusdam
667 1664 782 1726 iniuste
813 1665 1029 1743 opprimamur
1054 1668 1088 1727 et
1108 1664 1142 1727 in

74 1766 264 1829 servitutem
289 1764 472 1849 redigantur
502 1774 614 1828 contra
645 1763 766 1827 divinas
797 1763 1011 1844 humanasque
1042 1760 1141 1851 leges,

74 1886 170 1949 quum
186 1863 342 1930 Dominus
362 1888 419 1947 per
434 1864 627 1945 Prophe-tam
645 1866 794 1952 diuat†):
820 1865 977 1932 Adoenne
996 1867 1142 1947 nefecc-

10 1976 151 2077 rr'tcr
168 1970 356 2033 colunneon
373 1975 407 2033 r’n
425 1971 493 2033 loco
509 1966 578 2048 hoc,
601 1977 634 2033 et
651 1966 979 2035 nortmanorum.
1022 1968 1143 2035 Etrt'c·

10 2122 24 2133 .
10 2032 240 2157 ’ΜΤ-ω·
266 2069 431 2135 Arcenam
452 2088 515 2133 non
536 2068 783 2150 contristabitis,
811 2080 844 2134 et
865 2069 965 2134 molta
986 2068 1084 2133 hir
1057 2071 1144 2135 suiri-

10 2240 47 2277 Ε
10 2138 129 2237 ’lisa
174 2168 273 2236 Tales
292 2172 387 2256 igitur
402 2174 557 2236 severiter
574 2172 762 2252 corripiendi
779 2180 868 2252 suut,
896 2181 928 2235 et
946 2172 985 2234 de
1002 2170 1142 2236 nauibus

10 2276 49 2386 s·
75 2294 185 2339 corum
211 2273 354 2339 advenae
379 2274 524 2353 eruendi,
559 2275 647 2337 iuxta
678 2273 762 2354 quod
789 2275 936 2353 scriptum
965 2270 1141 2360 estffi).

10 2344 227 2462 Ἐνφιοκο
248 2382 371 2459 inopen
392 2375 432 2440 de
452 2396 547 2440 manu
560 2375 718 2455 fortioris
740 2382 808 2440 etue
834 2383 893 2439 etc.
937 2372 1021 2438 Nam
1047 2376 1143 2440 adve-

75 2498 134 2542 nae
152 2476 237 2559 apud
252 2477 368 2541 fratres
385 2496 475 2557 suos,
501 2478 533 2541 id
552 2484 616 2557 est,
644 2475 858 2556 Christianos,
885 2478 1072 2541 mercenarii
1090 2477 1144 2541 de·

10 2604 53 2661 μ
74 2576 151 2645 tent
171 2597 260 2659 esse,
286 2580 468 2657 uonscrvi.
513 2578 547 2643 Si
570 2592 676 2643 autem
696 2582 729 2644 in
747 2578 931 2643 servitutem
948 2578 1143 2663 redigantur,

73 2682 147 2765 quid
162 2676 230 2745 illis
246 2680 376 2763 profuit,
399 2701 594 2766 paganorum
611 2703 721 2771 marrus
740 2680 903 2766 effugisse,
926 2700 996 2744 cum
1014 2680 1144 2762 captivi·

10 2824 44 2889 ὼ
68 2786 148 2865 tntis
164 2784 274 2868 iugum
285 2790 326 2851 et
342 2782 439 2847 durae
456 2784 617 2848 servitutis
635 2805 699 2848 nou
717 2782 902 2869 effugerintt
920 2782 963 2846 Et
978 2782 1052 2846 ideo
1069 2802 1145 2848 con·

67 2892 121 2953 tru
145 2880 232 2949 hauc
251 2881 472 2948 crudelitatem
493 2884 696 2950 sacerdotum
723 2885 819 2949 debet
843 2887 945 2967 pietus
968 2885 1144 2963 decutere,

62 3006 109 3055 ue
127 3002 191 3071 pro
207 2994 272 3051 trun
289 2984 420 3051 immani
435 2983 556 3051 mulitia
574 2988 623 3050 ira
641 2986 749 3051 divina
765 2983 911 3069 populum
931 2983 1144 3050 Christianum

10 3154 24 3203 Ι
60 3094 250 3181 consumat.

206 3255 244 3321 Ca
259 3256 531 3342 ‚CCCCXXXW
580 3257 625 3323 Ut
640 3265 748 3323 iustae
762 3278 928 3323 ememor
944 3263 1020 3320 rint.
1153 3282 1203 3329 suo

330 3392 390 3459 Ex
413 3392 626 3476 capitulari
648 3393 694 3457 ad
711 3392 835 3457 Piston
849 3402 886 3469 e).

72 3474 110 3509 ’λ
160 3510 209 3580 Ut
234 3514 366 3579 comites
392 3520 427 3579 et
451 3534 560 3578 omues
586 3510 778 3598 reipublicae
805 3510 938 3575 ministri
962 3530 1020 3581 seu
1045 3510 1142 3573 c'eteri

55 3690 291 3711 sm

144 3822 174 3873 0.
192 3820 395 3874 ccccxxxtV.
430 3824 457 3887 tr)
476 3825 560 3884 ceput
567 3823 702 3873 incertum.

57 3976 134 4012 m·
142 3891 383 4011 (mcccxxxv.
418 3893 445 3954 c)
466 3892 590 3953 Excerpt.
611 3906 645 3941 ex
669 3906 693 3940 c.
711 3893 753 3941 2⁰.
778 3889 865 3939 nucu
881 3888 972 3941 Keroli
989 3891 1019 3938 ΙΙ.
1036 3889 1145 3941 Pinteur.

247 4088 331 4134 larena
345 4102 366 4133 c.
379 4090 400 4132 1.
413 4101 435 4133 o.
449 4089 470 4133 o.

159 4087 500 4250 etiitfutfzftfrit

116 4317 152 4377 c.
172 4315 409 4378 ccccxxxrn.
428 4316 502 4391 rar)
522 4314 592 4376 auu
613 4314 807 4396 paronna-
829 4313 898 4375 nn.
