2594 4898
190 343 260 404 536
432 338 597 402 REGlNO
616 337 748 401 LIBER
768 336 1016 397 SECUNDUS.

189 494 259 572 cuni
275 506 415 586 parvulis
437 511 558 572 iocatus
579 508 775 587 fuerit⁵⁴³),
803 504 952 568 diuturna
974 506 1174 584 poenitentia
1194 528 1248 568 ma·

189 614 360 690 ceretur‘).

131 814 180 860 reo
468 793 505 859 C.
524 792 671 858 cccxl.
723 791 814 858 Unde
829 795 977 878 mmm).

276 931 311 995 Si
333 929 546 1012 deprehensus
568 930 664 993 fuerit
687 927 800 1008 aliquis
817 927 918 993 frater
935 927 1046 992 ludere
1065 951 1137 992 cum
1155 933 1245 1010 pueris

191 1048 224 1096 et
241 1032 359 1096 habere
378 1034 531 1096 amicitias
550 1033 665 1094 aetatis
678 1027 820 1108 infimae,
839 1033 1202 1110 tertiocommoneatur,
1217 1040 1246 1093 ut
1286 1028 1291 1066 l

190 1156 312 1198 mernor
333 1137 375 1197 sit
397 1134 572 1196 honestatis
594 1142 685 1212 atque
708 1133 830 1196 timoris
847 1129 926 1205 Dei3
944 1134 972 1194 si
990 1153 1055 1195 non
1074 1134 1246 1208 cessaverit,
1284 1120 1291 1168 l

189 1239 388 1300 severissime
406 1237 600 1316 corripiatur.
1284 1231 1291 1269 l

130 1475 180 1521 2⁶1
467 1455 505 1520 C.
524 1430 690 1520 CCLXll.
734 1454 789 1519 De
806 1454 914 1519 eodem
931 1477 977 1519 re.

360 1593 416 1656 Ex
434 1593 539 1676 Lege
558 1591 843 1670 Theodosiana,
861 1588 1028 1693 Lib51x.
1044 1591 1082 1675 ¹).

277 1709 430 1775 Omnibus
452 1710 645 1796 flagitiosum
668 1717 733 1789 est,
756 1711 816 1773 viri
836 1730 948 1789 eorpus
966 1707 1166 1773 muliebriter
1183 1727 1247 1772 oon·

189 1813 332 1875 stitutum
345 1814 416 1895 ⁵⁴⁴)
439 1810 532 1875 alieni
555 1833 652 1875 sexus
675 1813 826 1875 damnare
847 1812 1048 1890 patientiam
1072 1809 1247 1896 nibileuim

190 1912 357 1975 discretum
374 1912 492 1977 babere
510 1914 662 1977 videntur·
674 1935 744 1977 oum
762 1914 899 1975 leminis.
935 1910 1127 1976 Huiusmodi
1142 1911 1246 1988 scelus,

189 2021 352 2093 spectante
369 2014 502 2096 populo,
519 2015 654 2079 flammis
672 2014 849 2078 vindicibus
868 2013 1023 2094 expiabis.

1283 1310 1291 1370 i

1284 1434 1292 1472 i

1284 1534 1291 1588 ,²

1283 1636 1292 1689 u

1283 1721 1292 1779 l

132 2252 182 2297 262
361 2234 399 2300 C.
419 2235 601 2300 CCLXlll.
645 2236 699 2301 De
717 2238 917 2320 copulatione
923 2233 1086 2314 fidelium.

427 2371 484 2436 Ex
503 2350 677 2437 Concilio
695 2368 1014 2454 Wormatiensil).
1284 2387 1293 2425 a

275 2490 314 2555 ln
341 2490 540 2571 copulatione
569 2489 710 2554 fidelium
737 2491 976 2574 generationum
1003 2482 1166 2555 numerum
1192 2512 1247 2555 non
1284 2487 1293 2525 l

190 2589 372 2672 delinimus,
391 2592 446 2656 sed
465 2595 646 2671 statuimus,
666 2601 701 2654 ut
719 2591 796 2655 nulli
815 2589 910 2653 liceat
928 2590 1111 2656 Christiano
1131 2593 1170 2656 de
1185 2615 1249 2674 pm·
1284 2573 1293 2630 l

188 2695 258 2772 pria
281 2696 553 2778 consanguinitate
576 2716 633 2758 seu
655 2697 843 2777 cognatione
865 2715 998 2756 uxorem
1020 2697 1180 2774 accipere,
1202 2717 1248 2758 us·
1285 2690 1293 2733 ἶ

190 2816 250 2873 que
273 2795 346 2858 dum
367 2799 531 2878 generatio
553 2797 753 2873 recordatur,
778 2797 992 2879 cognoscitur,
1019 2802 1075 2859 aut
1101 2799 1248 2860 memoria

189 2897 353 2959 retinetur.

273 2996 365 3060 llaec
379 3001 405 3083 θ)
425 2999 464 3062 de
482 3000 668 3063 multimoda
685 3000 894 3061 fornicatione
913 3020 956 3061 ex
975 2998 1109 3062 diversis
1125 3021 1249 3079 opuscu-

188 3096 228 3159 lis
258 3101 500 3177 perstrinximus
518 3104 611 3180 ⁵4⁵),
646 3101 846 3164 sacerdotum
875 3099 992 3162 iudicio
1027 3100 1247 3182 relinquentes,

190 3200 262 3278 quid
292 3200 447 3267 salubrius
475 3213 508 3268 et
536 3202 641 3267 utilius
675 3224 744 3265 esse
770 3204 804 3265 in
831 3201 941 3265 dandis
970 3204 1176 3282 poenitentiis
1203 3205 1248 3267 de
1281 3282 1284 3291 ι

189 3313 330 3367 cernant.
1281 3314 1284 3329 '

258 3531 285 3578 c.
304 3531 410 3576 ccuxl.
449 3529 476 3590 s)
494 3531 578 3590 ceput
594 3529 730 3577 incertum.
748 3557 775 3565 -κ
795 3528 930 3577 colivet.
948 3544 970 3577 c.
989 3530 1029 3578 83.
1048 3527 1144 3592 (iona),
1164 3529 1248 3578 Bnreb.

189 3596 269 3643 xvu.
278 3599 318 3646 at.
329 3594 396 3662 (lu),
406 3599 481 3646 Decr.
492 3600 536 3645 [X.
547 3602 587 3644 95.
597 3598 660 3658 (Β.);
670 3598 715 3643 Em
724 3598 802 3644 dietis
811 3597 921 3644 eiusdem
931 3593 1024 3656 (laid).

258 3667 284 3712 G.
304 3667 421 3713 CCLXll.
456 3667 484 3725 a)
503 3669 574 3715 Brev.
583 3669 611 3714 1..
623 3670 645 3714 5.
656 3665 718 3715 Cod.
729 3665 824 3713 Theod.
834 3666 873 3711 De
883 3665 962 3713 adirlt.
971 3665 1027 3726 (lX.
1037 3665 1083 3723 3.).
1282 3700 1285 3721 ,

257 3735 285 3782 c.
303 3735 432 3780 ccnxffl.
469 3734 496 3793 b)
515 3737 578 3782 Hab.
596 3749 654 3781 aun.
673 3736 743 3795 868„
762 3749 784 3780 c.
804 3735 843 3780 32.
863 3729 912 3795 (8.)
920 3760 955 3770 ·-
968 3733 1059 3780 Burcb.
1075 3734 1128 3781 Vll.
1148 3737 1172 3782 2.
1192 3734 1247 3795 (a),

189 3801 265 3849 Decr.
275 3803 319 3850 lX.
330 3803 370 3850 39.
382 3803 442 3861 (Β),
453 3818 475 3851 c.
485 3803 593 3850 XXXV.
603 3817 626 3861 q.
636 3805 659 3848 2.
670 3805 695 3848 et
706 3805 728 3847 3.
739 3817 761 3850 c.
773 3804 812 3848 18.
822 3799 887 3866 (0.).

257 3869 283 3926 c)
301 3870 371 3916 llaec
381 3873 443 3917 sunt
452 3871 532 3930 ipsius
542 3871 681 3932 Regiuonis
691 3873 776 3918 verba.

232 4017 265 4074 C.
289 4017 398 4077 CCLX.
430 4025 504 4092 543)
534 4024 695 4080 locaverit:
742 4021 859 4080 llelmst.

191 4102 308 4161 Helmst.
345 4102 465 4181 Gnclpb.
497 4104 601 4162 Vienn.
635 4104 696 4162 Bal.
784 4107 816 4164 C.
842 4104 996 4164 CCLXlll.
1034 4110 1113 4179 545)
1143 4124 1247 4185 eogno-
1284 4142 1288 4183 Ι

187 4192 213 4262 *)
234 4199 435 4266 aspergetur.-
454 4189 521 4248 Vat.
740 4193 863 4251 scamus:
883 4191 1000 4250 llelmst.
1082 4228 1087 4234 ·
1284 4194 1288 4277 l

232 4273 698 4352 e.ccl.xl1.544)consu·aere:
1145 4279 1149 4285 ’
1285 4280 1295 4305 “’
