2580 4890
401 331 481 411 Gap.
503 330 692 393 CCXLVI—
706 333 857 394 ccxulx.
1096 339 1163 401 511
1272 390 1275 400 ,

98 499 148 564 111
165 499 267 562 levius
285 500 459 578 poeniteat.
503 498 678 580 Presbyter
695 522 765 562 cum
782 501 888 581 pucha
907 503 1084 583 fornicans,
1107 528 1165 570 an·

97 622 158 664 nos
182 599 231 664 IV
254 599 357 690 etlll
379 600 634 683 quadregesimas
656 603 688 663 in
707 623 789 664 anno
809 610 842 666 et
858 604 955 667 ferias
973 613 1115 685 quartam
1133 615 1167 672 et
1213 630 1223 639 “

95 716 227 765 sextam
252 705 285 764 in
311 723 393 780 pane
420 706 455 764 et
478 722 569 780 aqna.
614 700 652 763 Si
676 725 746 765 cum
772 703 888 767 ancilla
910 704 969 769 Dei
992 708 1166 772 fornicatus

93 806 212 882 fuerit,
230 802 296 866 Vll
315 824 415 866 annos
433 806 606 881 poeniteat.
646 801 692 866 Ut
705 801 727 886 ¹)
747 808 922 886 episcopus,
940 809 1108 891 presbyter
1134 818 1168 875 et

94 907 268 991 diaconus,
296 906 323 967 si
349 908 381 967 in
396 904 632 982 fornicatione,
652 907 687 966 in
710 909 847 983 periurio
870 907 922 970 vel
944 909 1029 972 farto
1058 919 1166 990 captus

93 1016 162 1087 est,
183 1008 374 1086 deponatur,
392 1014 581 1070 nontamen
601 1010 819 1070 communione
836 1012 991 1089 privetur,
1010 1013 1083 1090 quia
1103 1034 1167 1077 non

91 1111 222 1173 iudicat
233 1111 305 1194 ⁵²¹)
322 1106 478 1195 Dominus
498 1107 596 1195 bisin
612 1108 645 1169 id
667 1109 778 1187 ipsum.

307 1275 344 1339 c.
363 1274 576 1341 ccxcvnr.
599 1256 705 1343 ‘rtem
723 1279 762 1343 ae
779 1281 962 1364 incestam).
1178 1309 1226 1354 ιιι

187 1395 225 1459 si
242 1395 429 1459 adolescens
451 1417 594 1459 sororem
616 1417 706 1458 suram
729 1399 871 1477 duxerit,
890 1396 922 1460 V
939 1420 1039 1462 annos
1057 1401 1168 1479 poeni·
1228 1488 1229 1491 Ἴ

92 1504 188 1570 teat;
206 1500 234 1565 si
255 1505 405 1574 matrem,
423 1495 490 1561 VII
507 1519 623 1576 annos,
643 1504 676 1561 et
692 1500 838 1577 quantdiu
855 1503 989 1580 vixerit,
1008 1522 1170 1582 nunquam

92 1602 141 1667 sit
157 1603 231 1665 sine
249 1596 452 1663 continentie.

533 1734 631 1798 Item
654 1739 736 1800 olii.

190 1851 255 1928 Qui
273 1875 343 1915 cum
359 1860 460 1917 matre
477 1853 652 1917 fornicatus
663 1838 780 1933 ¹tuerit,
798 1854 868 1917 XV
883 1877 982 1919 annos
995 1858 1167 1936 poeniteat.
1181 1885 1184 1892 ·
1207 1881 1209 1885 ⁴

95 1954 166 2031 Qui
191 1977 260 2018 cum
282 1953 351 2016 filia
372 1952 424 2016 vel
446 1976 555 2023 sorore
577 1954 752 2023 fornicatus
773 1956 885 2035 fuerit,
908 1957 948 2020 ah
972 1960 1058 2021 omni
1070 1979 1169 2035 ⁷carue

94 2078 135 2122 se
161 2056 323 2119 abstineat
338 2054 407 2118 XV
425 2076 534 2119 annos.
583 2054 619 2117 δί
646 2065 748 2121 mater
774 2080 844 2120 cum
869 2057 937 2120 filio
960 2048 1018 2120 suo
1040 2057 1170 2139 parvulo

94 2158 261 2223 fornicata
271 2157 389 2235 fuerit,
411 2154 461 2218 Ill
478 2178 579 2219 annos
601 2157 761 2220 abstineat
783 2179 817 2220 se
836 2150 983 2237 acerne,
1002 2168 1036 2222 et
1052 2160 1136 2221 diem
1154 2154 1171 2219 Ι

96 2263 134 2323 in
154 2279 341 2337 unaquaque
358 2257 559 2321 hebdomada
576 2260 697 2321 ieiunet
712 2279 810 2336 usque
829 2259 869 2320 ad
888 2242 1074 2340 vesperam,
1107 2255 1171 2333 Qui

96 2360 202 2425 hebet
226 2370 358 2425 matrem
385 2366 418 2422 et
444 2357 558 2436 filiam,
587 2359 664 2421 duas
687 2380 829 2438 sorores,
858 2382 991 2423 uxorem
1012 2346 1110 2439 patris
1137 2358 1172 2422 e't

96 2462 227 2540 mnis,
254 2460 411 2541 patruelis
432 2469 487 2524 aut
512 2459 675 2550 avunculi,
707 2469 832 2543 neptem
858 2471 913 2525 aut
939 2461 1170 2537 consobrinam,

98 2575 158 2627 out
185 2564 239 2643 qui
264 2565 297 2625 in
322 2565 438 2641 prima,
470 2562 609 2624 secunda
639 2560 691 2623 vel
717 2564 811 2624 tertie
841 2566 1047 2645 generatione
1072 2561 1172 2637 iuncti

98 2674 195 2742 sunt,
216 2666 286 2728 istis
303 2663 447 2726 volumus
464 2665 622 2740 indicare,
645 2670 680 2725 ut
698 2670 897 2743 separentur,
921 2670 953 2726 et
970 2669 1097 2744 propter
1114 2683 1171 2724 no-

99 2764 221 2830 vellam
243 2765 471 2845 plantationem
494 2764 663 2844 ecclesiae,
685 2772 721 2826 ut
739 2762 804 2826 VII
827 2785 927 2826 annos
949 2746 1173 2848 agant'p'oeui·

98 2870 253 2945 tentiam,
271 2877 336 2931 tres
353 2868 471 2946 primos
491 2888 590 2929 annos
609 2873 674 2930 tres
693 2865 759 2928 dies
778 2867 811 2928 in
829 2864 1040 2944 hebdomade,
1057 2865 1089 2927 id
1109 2872 1170 2944 est,

99 2970 187 3041 feria
205 2969 352 3032 'secunda
374 2978 407 3031 et
430 2976 542 3047 quarta
563 2976 596 3029 et
618 2975 728 3045 sexta,
755 2965 820 3029 XL
847 2968 914 3031 dies
941 2976 1016 3032 ante
1034 2966 1173 3045 Pascha,

100 3070 176 3135 XX
186 3078 262 3133 ante
271 3072 399 3132 missam
409 3068 518 3132 Sancti
528 3067 689 3145 Iohannis,
710 3066 781 3130 XX
796 3076 869 3131 ante
883 3069 1021 3132 natalem
1030 3066 1171 3131 Domini.

100 3170 255 3247 Quatuor
272 3192 348 3233 vero
366 3169 504 3248 reliquos
524 3189 623 3231 annos
646 3168 729 3231 feria
747 3176 859 3247 quarta
877 3178 1022 3232 etsexta
1040 3175 1073 3230 et
1089 3165 1176 3231 XIV

100 3282 217 3339 noctes
240 3280 314 3335 ante
335 3274 464 3334 missam
486 3270 596 3332 Sancti
619 3268 769 3331 Iohannis
793 3279 825 3332 et
841 3268 920 3332 alias
938 3252 1013 3332 ante
1035 3267 1176 3339 natalem

101 3374 248 3441 Domini.
297 3372 332 3435 Si
354 3395 389 3435 se
412 3373 569 3435 redimere
591 3369 673 3448 vult,
698 3370 793 3432 donet
814 3392 909 3432 unum
934 3371 1101 3434 denarium
1122 3360 1178 3430 aut

100 3477 242 3559 pretium
260 3476 350 3537 unius
369 3474 491 3537 denarii
507 3494 564 3552 pro
583 3494 646 3535 uno
665 3472 727 3535 die.
771 3470 808 3533 Si
825 3493 952 3551 pauper,
972 3472 1070 3533 donet
1087 3456 1177 3532 dimi-

101 3578 191 3657 dium
212 3576 386 3639 denarium.
542 3564 545 3569 ’

237 3726 275 3790 C.
297 3686 482 3791 ccxnlx.
527 3725 581 3790 De
597 3726 814 3790 indicatione
826 3747 997 3809 puerorum
1006 3728 1046 3808 ¹¹).
1187 3753 1237 3797 ιιι

192 3847 293 3911 Pueri
322 3867 358 3909 se
387 3846 532 3909 manibus
562 3847 696 3909 invicem
727 3838 981 3927 coinquinantes,
1011 3843 1077 3927 XL
1109 3843 1176 3906 dies

102 3958 324 3975 Μ

133 4010 241 4141 Ἔθι.
251 4022 294 4069 25.
304 4020 451 4085 Apostolos.

148 4080 169 4137 i·
197 4122 204 4137 .
222 4088 378 4136 ccxnvnt.
413 4090 450 4149 ιιι)
467 4088 545 4135 Poen.
555 4087 669 4134 Durrnst.
680 4082 702 4134 c‘.
711 4088 749 4147 2.;
763 4088 827 4149 Ego.
837 4089 870 4137 ib.

174 4161 204 4207 G.
223 4157 360 4204 CCXth.
395 4153 425 4221 n)
443 4156 504 4204 lbid.
515 4171 536 4202 c.
547 4157 584 4215 3.;
594 4156 658 4216 Egb.
669 4171 691 4203 c.
702 4158 725 4204 2.

148 4262 182 4320 C.
204 4256 376 4318 CCXLVll·
400 4262 474 4332 521)
491 4258 672 4318 vindicabit:
691 4257 784 4330 nitu,
804 4258 951 4319 venerat.-
971 4252 1033 4315 Bit.
