2594 4898
369 1201 630 1289 LIBER
658 1204 1071 1288 SECUNDUS.

123 1432 125 1436 ¹
185 1442 229 1543 dn
257 1445 432 1542 superiori,
448 1445 581 1536 libello,
613 1445 691 1540 quid
723 1446 879 1541 episcopo
911 1445 964 1516 vel
993 1444 1065 1540 ejus
1096 1443 1249 1516 ministris

211 1587 288 1634 cum
305 1563 543 1634 ecclesiasticis
560 1562 638 1632 viris
654 1564 700 1633 sit
716 1556 896 1658 agendum,
919 1562 1006 1633 etin
1027 1585 1091 1632 sua
1107 1562 1230 1657 synodo

210 1680 458 1775 requirendum,
482 1687 641 1774 exparte
662 1679 858 1751 notavimus.
913 1677 1029 1767 Nunc,
1052 1680 1135 1775 quid
1158 1704 1231 1751 cum

213 1797 312 1869 laicis
334 1804 368 1869 et
389 1797 595 1868 secularibus
617 1799 661 1869 sit
680 1797 845 1893 agendum
870 1797 922 1868 vel
944 1821 1044 1892 agere
1066 1806 1230 1895 oporteat,

369 1922 469 2010 prout
484 1912 650 1987 Dominus
668 1916 810 2008 dederit,
827 1940 1071 2012 percurramus.

264 2107 300 2174 C.
327 2110 353 2174 1.
402 2109 552 2186 Quulrter
578 2119 740 2196 episcopos
764 2134 853 2178 soum
872 2071 1060 2198 parochiam
1085 2113 1184 2179 dedet

633 2236 822 2279 carcamurea

420 2349 479 2412 Ex
501 2347 675 2413 Concilio
693 2349 1018 2434 Rotomagansi⁸).

272 2434 372 2538 oum
389 2470 553 2549 episcopus
570 2489 661 2531 suam
679 2469 850 2532 dioecesim
868 2470 994 2548 circuit,
1013 2468 1251 2535 archidiaconus

66 2576 69 2581 '
187 2568 240 2633 vel
258 2556 509 2650 archipresbyter
532 2591 604 2630 eum
625 2573 748 2649 praeire
772 2568 867 2632 debet
887 2593 950 2631 uno
973 2577 1029 2649 ¹aut
1046 2571 1173 2635 duobus
1191 2573 1252 2635 die·

186 2670 245 2734 bus
266 2693 323 2750 per
339 2669 521 2748 parochias,
541 2690 617 2748 quas
635 2672 820 2733 visitaturus
838 2664 903 2748 est,
921 2677 953 2732 et
968 2668 1061 2750 plebe
1081 2680 1252 2736 convocata

188 2772 380 2834 adnunciare
399 2770 492 2834 debet
508 2772 627 2851 proprii
642 2774 778 2850 pastoris
794 2760 977 2849 adventum,
995 2777 1037 2844 et,
1055 2780 1091 2836 ut
1104 2794 1216 2837 omnes
1226 2775 1251 2858 ¹)

188 2872 229 2934 ad
248 2873 315 2934 eius
332 2873 488 2953 synodum
507 2872 558 2934 die
576 2872 778 2935 denominata
794 2874 1058 2951 impraetermisse
1076 2882 1252 2952 occurrant,

188 2972 376 3036 omnimodis
389 2973 419 3056 2)
438 2994 482 3035 ex
498 2976 685 3036 auctoritate
702 2980 882 3036 sanctorum
900 2995 1054 3037 canonum
1072 2978 1254 3057 praecipere

188 3081 222 3137 et
239 3075 402 3137 minaciter
419 3074 620 3152 denunciare,
639 3077 766 3153 quodsi
786 3076 854 3153 quis
873 3075 991 3154 absque
1009 3077 1100 3160 gravi
1117 3077 1253 3140 necessi·

187 3181 255 3238 tate
281 3175 431 3255 defuerit,
457 3173 567 3255 procul
593 3175 690 3238 dubio
718 3198 739 3237 a
760 3178 978 3240 communione
1007 3174 1192 3242 Christiana
1216 3180 1254 3242 sit
1282 3220 1293 3259 ,Ι

187 3275 400 3357 repellendus.
443 3273 585 3354 Deinde,
612 3277 741 3339 adscitis
759 3297 866 3339 secum
882 3277 1094 3360 presbyteris,
1121 3281 1178 3359 qui
1199 3277 1252 3343 illo
1289 3323 1293 3361 ,

187 3379 221 3441 in
241 3376 312 3440 loco
335 3379 499 3441 servitium
523 3377 640 3440 debent
666 3377 819 3441 exhibere
846 3381 1009 3458 episcopo,
1037 3379 1190 3459 quidquid
1216 3382 1253 3444 de
1291 3426 1293 3435 .

187 3480 360 3545 minoribus
383 3487 416 3542 at
437 3477 607 3542 levioribus
630 3481 733 3542 causis
754 3480 914 3564 corrigere
935 3486 1055 3560 potest,
1083 3481 1252 3545 emendare

188 3588 328 3664 sataget,
350 3586 386 3641 ut
402 3580 549 3660 pontifex
564 3582 694 3643 veniens
712 3602 909 3660 nequaquam
925 3583 959 3644 in
983 3578 1182 3646 facilioribus
1200 3603 1253 3646 ne·

188 3681 284 3764 gotiis
309 3680 474 3762 fatigetur,
504 3687 560 3743 aut
583 3681 629 3744 ibi
654 3682 816 3745 imorari
841 3681 974 3763 amplius
1001 3703 1132 3746 necessa
1159 3685 1252 3768 sifi),

257 3936 285 3982 (τ.
294 3935 315 3983 1.
350 3931 376 3990 ι)
396 3937 474 3982 Cone.
490 3936 624 3998 Rotomag.
642 3938 700 3988 hab.
717 3954 776 3988 ann.
795 3941 859 4000 65⁰,
879 3953 902 3988 c.
912 3939 1128 3990 tta-Buram
1143 3940 1252 4004 todia),
1284 3924 1293 3956 Ἰ

188 4001 265 4051 neu.
273 4003 304 4050 v.
315 4003 373 4052 1⁹⁶.
382 4001 444 4063 (up

233 4150 267 4211 C.
288 4152 310 4211 1.
357 4159 387 4226 1)
407 4158 539 4234 exceptus
557 4155 696 4234 infirmes:
741 4159 884 4218 nriuodis:
915 4155 982 4217 add.
1012 4155 1083 4216 ibid.
1137 4157 1171 4238 3)
1204 4168 1255 4218 rut

188 4235 256 4298 add.
276 4239 351 4316 orig.
367 4238 440 4299 cod.
460 4242 521 4300 citt.
548 4241 582 4320 2)
596 4250 628 4300 et
639 4261 701 4300 om·
741 4232 1041 4304 siba'immoraro'nec.
1054 4245 1096 4302 rit
1107 4242 1170 4303 ibi.-
1185 4242 1252 4304 iaia

1270 4531 1293 4844 Ι
