2594 4898
496 340 576 421 Cap.
596 340 721 402 ccclv.
1071 347 1139 411 m

153 510 170 575 1
175 518 225 575 nt.
270 508 385 574 Bibisti
402 510 443 574 de
459 508 597 589 liquore,
614 513 648 574 iu
666 532 728 590 quo
746 533 815 575 mus
833 510 884 575 vei
901 511 1038 578 mustela
1051 537 1136 579 mor·

63 625 122 696 tna
139 614 269 676 inventa
285 612 398 676 fueriti
433 611 652 696 Quadraginta
670 613 737 676 dies
753 636 785 693 p.
804 614 835 677 d.

153 713 224 779 int.
274 713 482 779 Contemsisti
508 715 658 778 indictum
682 718 836 779 ieiunium
860 719 894 780 in
921 716 1056 781 eeclesia
1082 719 1135 784 vei

65 819 197 881 decreta
222 817 399 882 seniorum?
434 812 655 901 Quadraginta
681 819 749 882 dies
771 841 801 898 p.
820 819 851 882 d.
895 817 931 882 Si
948 821 981 882 in
999 821 1135 900 quadra·

63 922 201 1004 gesimo,
218 942 316 984 unum
334 941 459 983 aunum.

151 1021 224 1085 lnt.
262 1021 455 1102 oppressisti
472 1021 627 1085 infantem
643 1021 748 1085 tuum?
785 1019 932 1104 Quinque
955 1045 1055 1090 annos
1078 1034 1134 1092 ant

64 1131 130 1188 tres
146 1126 309 1204 poenitere
328 1123 433 1187 debes.

149 1226 166 1290 1
171 1235 220 1290 nt.
254 1225 370 1291 Bibisti
386 1225 484 1289 ullum
501 1224 701 1306 maleficium,
721 1228 750 1290 id
771 1236 831 1308 est,
849 1227 965 1291 herbas
981 1227 1035 1293 vel
1052 1229 1133 1295 aliar

67 1351 196 1408 causas,
222 1336 260 1392 ut
285 1350 349 1392 nou
374 1328 531 1410 potuisses
557 1329 694 1391 infantes
720 1328 856 1408 habere,
884 1339 939 1393 aut
960 1330 1016 1393 alii
1034 1333 1134 1396 dona-

64 1434 105 1494 sti
118 1431 207 1514 ⁵⁵⁵),
234 1438 290 1494 ant
315 1430 476 1494 homiuem
500 1452 558 1510 per
583 1431 781 1493 mortiferum
807 1434 964 1511 potionem
987 1434 1134 1497 occidere

63 1531 207 1612 voluisti,
226 1540 281 1596 aut
297 1531 395 1596 alium
411 1533 473 1596 hoc
489 1534 596 1596 iacere
614 1533 766 1611 docuisti,
790 1542 845 1596 aut
866 1534 906 1596 de
928 1537 1050 1599 semiue
1070 1538 1133 1599 viri

20 1655 22 1660 ·
64 1638 217 1719 gustasti,
243 1642 281 1698 ut
305 1627 349 1698 in*
366 1656 506 1699 amorem
533 1643 622 1698 tuum
648 1635 888 1712 exardesceret,
915 1643 970 1698 aut
995 1636 1133 1702 chrisma

64 1737 191 1816 bibisti,
218 1746 274 1800 aut
299 1737 339 1800 ad
362 1737 608 1800 subvertendum
628 1735 692 1800 Dei
714 1737 863 1799 iudicium
884 1735 977 1801 alteri
999 1739 1132 1804 dedistit

63 1839 98 1903 Si
117 1840 191 1919 quid
209 1838 386 1903 huiusmodi
403 1847 550 1919 operatus
569 1861 619 1918 es,
637 1846 758 1918 septem
776 1860 876 1902 anuos
894 1842 1070 1918 poeniteas.

147 1940 219 2004 lut.
254 1939 590 2005 Necasti'voiuntarie
615 1952 725 2021 partus
751 1939 840 2003 tuos'i
879 1939 1002 2006 Decem
1029 1966 1132 2010 annos

61 2066 105 2125 p.;
125 2053 170 2123 et,
188 2046 216 2106 si
224 2041 325 2106 filium
333 2041 385 2107 vel
393 2041 494 2106 filiam
511 2044 664 2120 occidisti,
683 2042 859 2106 duodecim.
885 2043 937 2123 Et,
956 2047 1024 2108 siin
1037 2054 1131 2110 utero

62 2154 137 2210 ante
164 2153 367 2226 conceptum,
394 2168 491 2209 unum
517 2166 652 2219 annum3
679 2146 706 2207 si
732 2152 805 2224 post
830 2154 1035 2225 conceptum,
1063 2155 1130 2212 tres

62 2270 174 2312 annos.
210 2247 246 2311 Si
262 2257 334 2312 tuus
351 2249 456 2311 infans
474 2269 531 2328 per
546 2255 632 2310 tuam
650 2245 877 2330 negligentiam
889 2249 958 2310 sine
972 2247 1130 2328 baptismo

61 2358 204 2414 mortuus
222 2359 287 2429 est,
313 2373 429 2415 aunum
446 2372 543 2413 uuum
564 2350 745 2429 poeniteas,
772 2357 805 2414 et
823 2371 981 2430 nunquam
998 2352 1041 2414 sis
1060 2352 1131 2415 sine

62 2453 167 2534 aliqua
184 2455 389 2532 poenitentia.

145 2555 216 2619 lut.
251 2548 369 2618 Fecisti
387 2553 520 2635 aliquid,
548 2554 629 2634 quod
653 2557 768 2638 pagani
785 2556 904 2619 faciunt
921 2558 953 2619 in
972 2554 1129 2618 Kalendis

60 2657 216 2722 Ianuariis
232 2659 265 2720 in
283 2657 411 2745 cervulo
428 2656 482 2721 vel
499 2655 713 2740 veguiu⁵⁵⁶)i
732 2656 815 2721 Tres
833 2680 934 2721 anuos
952 2660 1127 2738 poeniteas.

145 2759 217 2823 lnt.
251 2759 370 2824 Fecisti
395 2757 512 2840 aliquid
537 2758 591 2822 vei
617 2760 727 2823 dixisti
749 2762 782 2822 iu
809 2781 993 2841 quocunque
1019 2782 1127 2841 opere,

59 2860 110 2927 vel
123 2863 197 2945 ⁵⁵⁵)
215 2861 371 2926 inchoasti
387 2885 445 2943 per
461 2861 645 2947 sortilegam
666 2861 718 2925 vel
740 2864 896 2947 magicam
917 2861 1034 2926 artemt
1061 2861 1128 2926 An-

60 2986 132 3028 num
149 2986 248 3028 unum
264 2987 295 3044 p.
313 2963 364 3028 d.‘

143 3066 217 3130 Iu't.
251 3065 370 3131 Misisti
390 3065 490 3130 filium
511 3073 600 3130 tuum
621 3087 715 3148 super
735 3075 853 3131 tectum
876 3074 932 3130 aut
952 3087 1047 3146 super
1062 3065 1128 3128 for-

60 3190 171 3233 nacem
187 3191 245 3253 pro
263 3167 371 3249 aliqua
387 3171 540 3248 sanitate,
567 3168 620 3232 vel
641 3170 813 3232 incendisti
830 3190 945 3254 gana,
972 3167 1027 3231 ubi
1043 3188 1128 3231 mor-

60 3279 131 3336 tuus
147 3272 244 3345 homo
261 3270 381 3359 fuerat?
418 3268 564 3351 Quinque
582 3292 684 3334 annos
699 3294 731 3352 p.
751 3271 783 3332 d.

143 3371 214 3436 lut.
250 3371 396 3438 Cantasti
417 3375 557 3438 emmina
578 3372 738 3439 diabolica
758 3392 852 3452 super
873 3368 1031 3439 mortuost
1067 3366 1126 3431 Vi-

58 3477 138 3559 ginti
155 3476 223 3538 dies
240 3478 417 3557 poeniteas.

142 3576 214 3641 lut.
249 3577 389 3643 lunxisti
406 3585 439 3642 te
456 3576 581 3643 mulieri
598 3584 738 3659 tempore
760 3568 938 3636 monstruni
978 3568 1126 3647 Quadra·

59 3682 145 3766 ginta
162 3678 232 3743 dies
248 3676 425 3761 poeniteas.
1002 3744 1008 3755 ,

142 3780 214 3845 lnt.
249 3779 393 3862 Nupsisti
409 3804 478 3847 cum
496 3802 599 3844 uxore
616 3788 685 3857 tua,
703 3785 867 3858 postquam
884 3779 1019 3856 peperit,
1038 3790 1126 3840 ante-

59 3895 150 3964 quam
167 3883 377 3970 quadraginta
394 3887 462 3949 dies
480 3879 743 3963 adimplerenturt
770 3877 919 3963 Triginta
936 3880 1005 3943 dies
1021 3901 1053 3959 p.
1073 3878 1103 3943 d.

77 4142 244 4202 cuculv.
263 4147 337 4215 555)
349 4143 392 4201 sic
402 4141 567 4211 atiieiurst.⁹
612 4091 768 4218 vrncgnlo:
787 4136 891 4197 Morin.
903 4157 940 4197 cx
951 4136 1022 4196 Cod.
1033 4135 1122 4194 Paris.

57 4227 107 4288 sed
132 4226 210 4286 Hiid.
239 4229 409 4286 immutavit:
441 4235 472 4286 et
493 4229 570 4286 alins
613 4230 691 4298 557)
721 4226 815 4302 quod:
848 4223 969 4281 Helmst.
1002 4220 1123 4298 Gucipir.

57 4314 194 4375 donasti.
230 4317 304 4392 556)
319 4315 351 4374 in
370 4312 509 4373 ceritulla
523 4312 572 4372 net
612 4309 717 4370 Vienn.
736 4307 798 4367 Bal.

872 4410 911 4468 10
