2594 4898
518 353 598 433 Cap.
621 353 660 414 V.
1056 359 1127 421 ato

140 527 195 586 69.
242 520 278 584 Si
295 523 329 583 iu
344 541 531 600 unaquaque
551 520 702 599 parochia
724 522 845 598 decani·
859 528 934 586 aunt
955 544 1012 602 per
1035 521 1126 587 villas

56 625 242 702 constituti,
260 624 322 686 riri
344 643 474 685 veraces
492 631 525 686 et
541 621 646 686 Deum
664 625 827 702 timentes,
851 627 902 704 qui
925 633 1050 688 ceteros
1072 624 1127 688 ad·

56 736 221 814 moneant,
239 734 276 789 ut
292 726 333 787 ad
352 723 519 789 ecclesiam
536 734 669 810 pergant
683 727 722 789 nd
742 729 929 806 matutinas,
949 729 1076 790 misaam
1094 737 1128 792 et

56 852 218 910 vesperas,
237 836 271 893 et
283 825 361 890 nihil
376 830 480 906 operis
494 829 526 891 in
541 828 653 891 diebus
666 829 755 892 festis
767 829 898 908 faciant,
917 836 959 908 et,
974 832 1001 891 si
1013 827 1127 893 horum

57 934 223 1012 quisquam
240 939 454 1013 transgressus
471 929 577 1008 fuerit,
596 932 702 994 statim
722 930 911 1013 presbytero
929 932 1126 995 adnuncient.

58 1033 213 1097 Similiter
230 1033 270 1095 de
287 1031 417 1097 luxuria
434 1039 468 1094 et
484 1035 570 1095 omni
591 1054 688 1112 opere
705 1055 814 1114 pravo.

145 1139 198 1198 70.
242 1134 278 1197 Si
300 1134 414 1214 aliquis
437 1143 500 1212 eat,
524 1137 577 1214 qui
594 1134 733 1199 bannum
758 1139 897 1216 episcopi
924 1143 979 1199 aut
996 1136 1127 1219 presby-

58 1241 118 1301 teri
127 1241 177 1300 sui
192 1245 225 1300 et
233 1239 593 1300 excommunicationem
603 1240 831 1318 parvipendens
840 1260 896 1318 pro
907 1236 1006 1300 nihilo
1015 1237 1129 1301 ducati

145 1343 199 1402 71.
243 1338 280 1402 si
305 1337 486 1418 parochiam
514 1340 702 1423 presbytero
729 1363 787 1403 suo
809 1340 948 1403 debitum
975 1339 1128 1403 honorem

59 1442 258 1521 impendant,
273 1450 329 1507 aut
344 1443 373 1504 ai
391 1440 504 1520 aliquis
522 1450 582 1520 est,
600 1445 653 1522 qui
670 1464 744 1506 enm
759 1442 858 1505 verbo
872 1441 924 1505 vel
937 1441 1023 1505 facto
1038 1441 1129 1505 inho·

60 1553 170 1622 norat,
189 1545 307 1606 eteius
325 1547 446 1606 monita
464 1543 600 1622 spernitl

145 1650 166 1708 7
168 1651 200 1707 2.
244 1645 281 1709 si
296 1645 412 1725 aliquis
430 1654 490 1724 eat,
508 1649 562 1726 qui
579 1649 746 1731 peregrino
760 1656 816 1711 ant
828 1648 942 1711 viatori
958 1646 1127 1726 hospitium

60 1747 267 1812 contradicit?

146 1855 199 1914 73.
242 1849 481 1930 lnquireudum,
501 1872 578 1930 quas
596 1852 786 1915 festivitates
805 1850 929 1916 celanti

145 1956 201 2021 74.
246 1951 281 2015 Si
299 1955 413 2031 patrini
431 1950 540 2015 filiolis
559 1951 623 2015 suis
641 1953 820 2035 symbolum
835 1964 867 2018 et
881 1957 1058 2017 orationem
1072 1954 1131 2017 (lo-

60 2058 211 2120 minicanr
225 2056 403 2134 insinuant,
422 2063 478 2118 aut
494 2057 648 2119 insinuari
665 2055 800 2119 iaciunt!

77 2204 80 2212 .
147 2161 200 2220 75.
244 2156 281 2219 Si
302 2166 439 2236 quatuor
459 2166 516 2221 aut
537 2160 672 2238 quinque
689 2158 741 2221 vel
758 2156 865 2238 plne·
886 2180 983 2223 uuum
1000 2158 1132 2222 iuterfe-

61 2263 163 2324 ceriut
180 2258 358 2321 hominem!

147 2365 201 2424 76.
245 2359 282 2424 Si
304 2360 417 2441 aliquia
440 2363 578 2441 esulqui
601 2362 789 2424 contradicit
809 2362 956 2441 episcopo
981 2368 1036 2424 aut
1064 2362 1131 2423 eius

60 2466 230 2543 ministris,
258 2484 298 2527 ne
324 2463 430 2527 coloni
455 2472 510 2527 aut
535 2467 620 2527 servi
645 2472 775 2543 propter
805 2467 974 2527 commissa
1001 2464 1133 2526 crimina

60 2570 161 2650 virgis
180 2568 257 2629 nudi
273 2565 460 2631 caedanturl

149 2672 202 2732 77.
230 2666 486 2748 inquirendum,
514 2671 541 2731 si
564 2668 676 2749 uliquis
699 2671 915 2753 peregrinum,
939 2651 990 2748 qni
1013 2668 1132 2731 desua

61 2773 168 2852 patria
182 2773 316 2850 'propter
336 2788 531 2854 paganorum
554 2771 789 2834 infestationem
811 2771 861 2834 vel
880 2772 1132 2851 persecutionem

63 2875 161 2959 fugit,
184 2872 244 2936 hae
267 2872 306 2935 de
328 2894 438 2950 causa,
462 2875 535 2951 quia
556 2874 588 2935 io
612 2871 707 2936 domo
726 2877 793 2937 eius
811 2877 941 2952 mansit,
966 2881 998 2936 et
1020 2872 1132 2936 diebus

10 3044 16 3055 ,
64 2983 119 3040 aut
141 2975 234 3062 anuis
256 2973 328 3037 loco
351 2975 539 3037 mercenarii
561 2973 608 3037 illi
631 2978 778 3056 servivit,
804 2998 863 3055 pro
887 2976 1013 3056 proprio
1039 2995 1133 3038 servo

10 3121 15 3140 .-
64 3076 152 3141 illum
169 3075 251 3141 velit
267 3076 402 3155 hahere,
422 3084 455 3139 et
472 3077 610 3140 vendere
629 3087 683 3142 aut
702 3079 778 3142 dare
795 3076 889 3141 alicui
906 3076 1104 3159 praesumntl

151 3183 204 3242 78.
248 3178 285 3241 Si
307 3176 420 3260 aliquis
442 3187 504 3256 est,
528 3182 581 3258 qui
602 3181 718 3243 iniusta
745 3202 894 3243 mensura
920 3201 1009 3241 snam
1036 3200 1134 3241 nnnc·

10 3326 13 3336 ·
66 3304 139 3367 nam
157 3290 213 3345 aut
229 3285 337 3344 vinum
355 3281 482 3358 vendat,
501 3302 571 3344 cnm
583 3280 740 3345 Dominus
755 3284 855 3345 dieat:
874 3280 1005 3366 Aequus
1019 3277 1081 3343 uda·
1091 3286 1137 3343 eit

66 3386 201 3463 modius,
221 3394 254 3448 et
271 3391 437 3448 autarius
455 3388 594 3469 aequae?

152 3490 204 3549 79.
248 3483 513 3549 Deounoiaodum
540 3488 652 3564 etium,
685 3506 778 3565 quam
807 3504 954 3567 magnum
981 3478 1137 3562 piaculum

10 3621 17 3663 ÷·
66 3592 122 3668 sit,
149 3609 263 3653 usuras
291 3589 438 3671 exigere,
466 3596 498 3650 et
520 3588 560 3650 de
582 3586 688 3649 alieno
710 3587 842 3649 foenore
865 3583 946 3649 velle
970 3585 1137 3663 ditescere,

67 3701 98 3755 et
116 3691 202 3771 quod
218 3692 302 3753 sacri
319 3711 457 3752 canones
475 3687 557 3753 talea
576 3689 616 3754 ab
635 3688 767 3753 eeclesia
784 3690 855 3751 eiiei
873 3690 1077 3769 praecipiant.

153 3797 206 3854 80.
251 3791 287 3855 Si
305 3790 418 3872 aliquis
436 3800 564 3872 propter
582 3793 785 3873 cupiditatem
804 3790 956 3855 Iudaeum
976 3798 1030 3854 eut
1044 3811 1138 3874 paga·
1229 3775 1235 3786 ⁴

10 3944 14 3957 ‚
66 3917 141 3958 uum
158 3895 371 3958 interfecerit?
840 3918 844 3925 ·
1061 3954 1066 3963 .

153 4002 206 4059 81.
252 3997 288 4059 Si
306 3996 420 4077 aliquis
438 3999 599 4060 insaniens
617 3996 753 4076 aliquem
771 3995 929 4060 hominem
948 3993 1117 4058 occidenti

154 4104 207 4162 82.
254 4099 290 4162 Si
313 4103 381 4180 quis
404 4099 550 4164 arborem
572 4099 733 4179 inciderit,
758 4107 806 4178 et,
829 4100 902 4162 dum
920 4099 1010 4178 operi
1028 4117 1138 4159 noces·

65 4204 152 4266 sario
175 4203 309 4283 insistit,
332 4193 446 4283 olibuis
469 4203 577 4268 subtus
600 4202 747 4267 arborem
773 4202 945 4266 deveniens
972 4199 1140 4278 improvise
1233 4187 1236 4191 ⁴

67 4304 275 4386 opprimituri
