2594 4898
189 355 262 421 ⁴0⁰
434 349 599 414 REGINO
620 347 754 411 Lissa
775 346 1023 411 SECUNDUS.

187 524 413 603 scripturorum
433 526 570 583 testatur
596 520 771 582 instructio.
819 516 911 582 Unde
933 518 1070 583 remotis
1095 515 1251 583 hominm

188 623 300 687 studiis
317 624 384 686 sive
406 623 554 685 versutiis
579 623 612 683 in
630 619 689 684 hac
707 618 810 684 adhuc
827 621 990 699 praesenti
1006 617 1183 703 fragilitate
1197 641 1251 699 po-

181 718 335 802 sitorum,
370 721 542 786 secundum
574 742 683 802 preces
718 730 845 784 nostras
879 722 1074 784 auctoritate
1102 719 1250 801 imperiali

189 827 303 888 offerte
320 823 391 887 Deo
416 830 525 886 nostro
546 844 643 885 unam
660 821 850 886 catholicam
867 819 1036 885 ecclesiam
1057 831 1093 886 et
1110 821 1249 902 apostoli·

189 947 259 990 cam
281 925 446 1003 ecclesiam
469 933 503 987 et
520 922 738 1003 apostolicam,
761 926 833 1004 quia
850 921 911 986 hoc
928 921 1031 986 solum
1051 931 1120 1004 est,
1141 926 1174 987 in
1196 945 1247 1002 quo

187 1048 252 1091 non
269 1026 371 1090 scium
389 1028 422 1091 in
440 1026 532 1089 terris
549 1025 608 1088 sed
625 1027 721 1088 etiam
737 1026 771 1087 in
790 1023 881 1087 coeio
897 1021 1096 1104 triumphare
1110 1027 1178 1088 sine
1191 1022 1248 1086 finc
1281 1066 1284 1075 -

187 1114 327 1209 possitis.
372 1124 581 1211 Subscriptio.
626 1125 837 1206 Omnipotens
859 1124 947 1188 Deua
969 1146 1109 1210 regnum
1126 1134 1159 1189 et
1173 1124 1248 1189 salu·

188 1238 255 1293 tem
280 1239 366 1293 tuam
391 1237 542 1310 perpetua
562 1229 761 1309 protectione
779 1227 951 1307 custodiat,
973 1225 1204 1313 gloriosissime
1220 1233 1248 1290 et
1273 1197 1291 1315 'd

189 1329 433 1394 clementissime
450 1351 575 1410 semper
590 1329 742 1414 Auguste.
770 1405 777 1412 .
1273 1322 1290 1359 '⁸

390 1497 428 1565 C.
446 1498 576 1564 XVIII.
621 1497 675 1565 De
691 1497 873 1564 cantoribus
890 1501 1061 1565 ecclcsiae.
1178 1472 1182 1477 Ι

346 1635 406 1700 Ex
423 1632 599 1699 Concilio
615 1632 861 1715 Laodicensi,
880 1656 958 1715 cap.
976 1632 1060 1699 XV.
1073 1636 1100 1720 ¹)

276 1750 370 1829 Quod
393 1774 456 1816 non
475 1760 620 1832 oporteat
636 1751 770 1835 amplius
787 1761 917 1834 praeter
934 1775 1006 1834 ens,
1030 1755 1085 1834 qui
1102 1751 1242 1839 regutari-
1281 1745 1291 1784 ²

189 1860 239 1917 ter
266 1862 411 1917 cantores
441 1855 598 1934 existunt,
628 1857 680 1936 qui
706 1862 739 1919 et
761 1854 800 1918 de
822 1844 930 1919 codice
953 1864 1089 1936 canunt,
1123 1853 1242 1920 aiiosin
1280 1845 1291 1885 ¹

189 1950 342 2035 pulpitum
360 1954 573 2018 conscendere
592 1964 625 2020 et
640 1958 674 2021 in
692 1955 825 2020 ecclesia
841 1955 990 2051 psalIere.
1281 1947 1291 2088 ἶ

262 2120 301 2189 C.
319 2124 418 2189 XIX.
461 2123 521 2190 Es
541 2125 681 2191 Concilio
697 2124 906 2208 Lmdtcens,
924 2148 996 2211 cop.
1014 2127 1110 2192 XXI
1112 2126 1183 2204 w)

276 2256 370 2335 Quod
393 2283 457 2324 non
480 2269 626 2359 oporteat
647 2284 738 2327 sacro
760 2264 913 2345 mysterio
937 2262 1063 2329 deditos
1087 2286 1107 2327 a
1124 2262 1246 2345 presby·

190 2363 267 2426 teris
293 2384 393 2442 usque
425 2362 467 2426 ad
489 2362 642 2428 diaconos
664 2371 698 2428 et
718 2363 873 2444 reliquum
895 2363 1148 2430 ecclesiasticum
1172 2366 1247 2428 ordi·

190 2484 279 2545 nem,
296 2463 329 2527 id
348 2470 400 2529 est
417 2464 458 2528 ad
475 2464 698 2547 subdiaconos,
717 2465 870 2546 iectores,
893 2473 1058 2547 cantores,
1078 2468 1247 2531 exorcistas
1286 2468 1291 2497 ⁴·

191 2573 225 2628 et
242 2567 391 2629 ostiarios
409 2574 504 2631 etex
521 2589 651 2631 numero
670 2570 897 2632 continentium
915 2575 948 2632 et
963 2567 1193 2633 monachorum
1208 2568 1249 2630 iu·
1289 2577 1291 2583 ’

190 2667 280 2751 gredi
297 2667 456 2732 tabernas.

294 2835 330 2899 C.
348 2837 432 2901 XX.
475 2835 534 2902 Ec
555 2837 695 2905 conculco
712 2838 918 2920 Laodiceni,
936 2862 1008 2925 cop.
1029 2839 1106 2905 XL.
1119 2842 1150 2923 ¹¹)

276 2965 372 3044 Quod
402 2994 466 3035 non
497 2981 642 3054 oportent
674 2979 836 3056 episcopos
867 2977 906 3039 ad
938 2977 1096 3059 synodum
1127 2987 1250 3040 vocatos

191 3072 319 3135 omnino
338 3080 555 3154 contemnere,
576 3076 633 3139 sed
651 3080 794 3156 protinus
817 3081 864 3141 ire
882 3086 915 3143 et
932 3078 1046 3141 docere
1065 3075 1116 3141 vei
1136 3077 1252 3142 discere

192 3193 245 3254 ea,
273 3196 353 3255 quae
376 3176 417 3239 ad
443 3178 670 3241 correctionem
692 3178 847 3243 ecciesiae
869 3178 921 3243 vel
942 3178 1138 3260 reliquarum
1163 3181 1253 3261 perti-

191 3287 268 3340 nent
293 3299 413 3356 rerum,
444 3299 479 3342 se
504 3281 608 3358 ipsum
633 3302 725 3361 vero,
758 3283 811 3361 qui
838 3283 1056 3360 contemserit,
1084 3281 1253 3359 accusabit,

191 3378 252 3441 nisi
270 3378 352 3441 forte
370 3401 426 3458 per
442 3381 671 3464 aegritudinem
688 3384 735 3447 ire
753 3405 816 3446 non
833 3385 944 3464 possit.

308 3546 345 3611 C.
364 3547 464 3612 XXI.
508 3548 567 3614 Ex
588 3549 727 3616 Concilio
744 3551 951 3632 Laods'censi,
970 3574 1039 3638 cap.
1058 3551 1101 3616 L.
1115 3555 1143 3638 ')

278 3682 371 3758 Quod
394 3707 459 3748 non
481 3694 624 3765 oporteat
645 3690 677 3751 in
700 3689 940 3773 quadragesima
965 3691 998 3752 in
1024 3688 1140 3752 nitima
1162 3692 1256 3770 sopti-

191 3810 405 3823 *—

261 3890 289 3933 c.
306 3889 397 3939 XVIII.
432 3891 455 3952 a)
472 3894 535 3941 Hah.
551 3894 597 3940 int.
611 3909 669 3944 ann.
686 3896 745 3944 ³47.
759 3900 786 3944 et
800 3899 857 3943 381.
874 3892 996 3961 (interpr.
1006 3893 1186 3963 Dionys.).—
1196 3897 1257 3946 coil.

190 3955 251 4004 Ans.
261 3954 316 4004 ded.
327 3958 367 4002 IV.
377 3962 435 4006 1⁶9.

260 4025 287 4068 G.
304 4023 376 4073 XIX.
411 4024 435 4090 t)
454 4029 492 4075 Gi.
503 4041 581 4086 supra
590 4028 621 4076 ad
631 4033 692 4091 Reg.
702 4033 731 4078 1..
743 4035 761 4078 I.
770 4047 793 4080 c.
804 4035 862 4080 18⁰.
872 4035 926 4082 not.
936 4030 969 4090 a).
1218 4068 1227 4084 .

191 4171 213 4205 e·
224 4160 248 4208 ὅ.
258 4092 427 4222 &tapam
445 4097 493 4143 Int.
504 4095 689 4148 Dion-Burei.
699 4103 718 4148 1.
728 4102 778 4161 47,
789 4102 865 4148 Decr.
875 4103 904 4149 V.
916 4104 964 4147 157
975 4096 1036 4162 (3.).
1047 4126 1077 4135 -
1088 4101 1157 4149 Dist.
1167 4102 1255 4149 XI'III.

259 4229 286 4276 G.
304 4229 374 4275 XXI.
408 4229 437 4287 v)
455 4233 502 4280 Int.
512 4232 587 4282 Dion.
598 4259 631 4268 —
641 4236 734 4285 Burei.
744 4237 813 4284 xnt.
824 4240 861 4299 8.,
878 4239 952 4287 Dect.
964 4239 1005 4285 tv,
1014 4239 1056 4285 st.
1066 4237 1129 4297 (a).
1144 4241 1183 4273 -”
1194 4238 1253 4285 nist

190 4296 361 4346 llI.I)econs.
372 4299 483 4359 c8.(ox
494 4301 585 4362 timp).
707 4294 710 4303 '
1274 4270 1279 4375 Ι
