2594 4898
195 333 268 397 384
437 326 604 390 REGINO
626 324 761 389 leilli
783 323 1027 410 SECUNDUS.

195 498 308 565 fideles
334 499 436 563 nostri
458 498 660 579 provideant,
687 503 840 577 quatenus
862 496 962 560 iustm
987 496 1134 579 modius,
1160 505 1196 562 et
1216 522 1263 563 ae·

196 624 274 683 quus
300 602 475 679 sextarius,
510 598 683 663 secundum
707 620 833 673 sacram
859 600 1048 679 scripturam
1074 607 1112 664 at
1133 600 1264 683 capitula

195 697 471 784 praedecessorum
489 709 685 779 nostrorum,
710 703 744 764 iu
766 700 944 765 civitatibus
962 709 996 764 et
1017 703 1051 766 in
1068 703 1152 767 vicis
1168 702 1261 768 vulin

194 802 279 869 villis
297 805 338 868 ad
356 804 553 868 vendendum
571 811 603 866 et
625 803 790 866 emendum
807 799 880 880 fiat,
908 810 941 867 et
956 825 1144 869 mensuram
1160 827 1261 870 secun·

197 909 271 972 dum
292 908 453 987 antiquam
474 905 732 975 consuetudinem
754 904 795 967 de
815 903 934 985 palatio
957 914 1070 970 nostro
1099 909 1257 988 accipiunt.

195 1009 238 1073 Et
254 1010 283 1072 si
299 1010 351 1073 cui
366 1015 543 1088 reputatum
564 1007 675 1100 fucrit,
704 1017 882 1071 mensuram
898 1005 1117 1089 adulterasse,
1144 1011 1173 1072 si
1189 996 1259 1072 liber

196 1110 291 1174 bomo
310 1116 369 1189 est,
388 1117 442 1172 aut
460 1117 658 1172 sacramento
677 1108 848 1173 secuudum
866 1131 956 1172 suam
973 1108 1080 1194 legem
1097 1133 1136 1176 se
1152 1131 1257 1192 expur-

196 1222 260 1297 get,
279 1219 346 1293 aut,
364 1213 391 1275 si
410 1209 572 1292 culpabilis
590 1213 760 1289 invenitur,
778 1210 916 1274 bannum
930 1219 1074 1277 nostrum
1094 1212 1254 1293 persolvat,

197 1322 267 1378 eta
288 1313 439 1377 ministris
460 1311 650 1393 reipublicae
673 1311 926 1392 tollatur,.quod
948 1335 1018 1376 cum
1040 1316 1162 1379 iniusta
1181 1336 1254 1379 meu·

195 1438 270 1480 sura
288 1415 426 1485 vendere
444 1412 553 1479 voluit.
598 1414 634 1478 si
652 1421 756 1477 autem
774 1413 887 1478 colono
910 1422 1076 1499 aut-servo
1096 1417 1160 1482 hoc
1175 1439 1252 1498 rapu

196 1526 297 1585 tatum
309 1518 416 1597 luerit,
434 1518 551 1580 iudicio
564 1514 628 1580 Dei
641 1537 676 1580 se
694 1516 768 1579 indo
785 1519 960 1597 examinet,
972 1514 1054 1582 ‘auct
1064 1523 1130 1599 ⁸⁵),
1148 1521 1176 1583 si
1192 1539 1252 1583 con

195 1623 297 1685 rictus
314 1620 422 1699 luerit,
440 1619 552 1699 perdat
568 1640 649 1698 rem,
667 1619 700 1681 id
718 1627 771 1681 est'
784 1616 857 1699 boc,
875 1619 958 1683 ande
975 1640 1162 1685 mensuram
1179 1618 1252 1684 adul·

196 1730 316 1787 teratus
339 1729 400 1794 est3
428 1721 554 1801 iusuper
576 1728 608 1784 et
626 1721 709 1783 nudo
732 1722 818 1784 corio
837 1723 935 1807 virgis
952 1722 1122 1802 caedatur,
1150 1730 1184 1787 et
1199 1724 1253 1786 sive

193 1844 305 1901 servus
332 1825 399 1885 sive
424 1820 519 1901 liber,
546 1830 617 1902 post
641 1819 778 1905 legalem
806 1822 1060 1887 emendationem
1085 1823 1253 1911 episcopale

196 1926 344 2011 iudicium
355 1925 528 2009 suscipiat,
556 1926 629 2004 quia
651 1932 762 1989 contra
778 1926 979 1989 interdictum
997 1924 1063 1990 Dei
1080 1926 1169 1993 lecit.
1211 1925 1255 1991 Ait

196 2030 280 2095 euim
289 2026 348 2115 †):
375 2025 507 2112 Aequus
525 2024 586 2091 tide·
600 2033 645 2091 rit
661 2028 790 2105 modius,
813 2034 1030 2093 ertemarius
1046 2050 1184 2115 nepem.
1224 2028 1255 2093 lit

192 2128 375 2217 .³¹lbil‘ll²
410 2127 608 2213 Mensarum.
630 2140 664 2194 et
685 2150 867 2205 ,mersurum
898 2131 967 2195 odit
996 2129 1168 2196 Dominus.
1225 2128 1255 2195 Et
1295 2123 1297 2136 ⁴

158 2266 161 2269 ·
196 2236 274 2297 item
285 2231 406 2320 †††):
446 2229 511 2307 Qut
533 2239 702 2316 pecuniam
732 2236 819 2296 suum
848 2229 911 2295 nou
937 2230 1027 2298 dedit
1042 2235 1105 2299 'ad
1128 2253 1254 2301 mres·

197 2334 291 2412 Quod
309 2341 472 2417 peccatum
488 2337 573 2398 iuter
588 2330 653 2399 alia
669 2332 817 2414 capitalia
833 2344 966 2415 peccata
982 2344 1204 2417 computatur,
1227 2334 1255 2399 te
1296 2320 1297 2347 ¹

196 2438 307 2525 quibus
321 2434 494 2518 Apostolus
512 2435 598 2514 dicit,
617 2436 710 2516 quod,
729 2438 780 2517 qui
799 2458 837 2501 ea
854 2437 977 2516 fecerit,
996 2458 1067 2501 cum
1084 2435 1255 2504 huiuamodi
1296 2452 1297 2462 ¹

197 2563 256 2606 nuc
273 2538 378 2604 cibum
394 2559 520 2602 sumere
539 2536 719 2602 Christiano
740 2537 825 2602 licet.
848 2619 849 2622 Ἴ
868 2538 1021 2603 Similiter
1040 2561 1101 2620 per
1118 2542 1254 2605 civitates

196 2651 230 2708 et
245 2645 332 2706 vicos
351 2649 444 2721 atque
461 2646 601 2704 mercata
623 2641 755 2704 ministri
781 2640 973 2722 reipublicae
993 2642 1203 2725 provideant,
1226 2662 1255 2705 uc

197 2744 255 2823 illi,
273 2746 327 2824 qui
344 2763 456 2824 panem
473 2750 505 2805 et
522 2763 650 2825 caruem
661 2741 723 2823 ‘per
740 2742 926 2822 deneradas,
946 2750 979 2806 et
995 2744 1105 2808 vinum
1120 2767 1181 2826 per
1193 2765 1255 2811 sex·

197 2847 295 2910 turios
316 2843 470 2922 venduut,
487 2863 668 2908 mensnram
690 2840 868 2909 adulterare
885 2847 1023 2927 possint,
1041 2847 1110 2922 sed,
1130 2854 1256 2929 quantos

196 2943 424 3019 mensurabiles
448 2965 546 3025 panes
571 2945 611 3008 de
637 2947 720 3010 iusto
743 2949 850 3011 modio
872 2949 906 3011 in
927 2969 1115 3028 unaquaque
1139 2950 1257 3014 civiate

197 3049 335 3128 episcopi
366 3045 420 3109 vel
446 3046 577 3110 abbates
608 3068 627 3109 a
657 3048 721 3111 suis
750 3048 920 3128 pistoribus
950 3051 1123 3133 recipiunt,
1159 3058 1258 3117 tantos

197 3147 424 3213 mensurabiles
444 3170 543 3229 panes
565 3148 605 3211 de
627 3151 741 3214 eodem
762 3151 868 3213 modio
886 3172 906 3213 a
922 3149 1110 3231 pistoribus,
1139 3155 1195 3234 qui
1209 3174 1257 3234 pa·

198 3274 270 3316 nem
287 3250 434 3329 vendunt,
455 3247 528 3314 lieri
543 3250 672 3314 iaciant.
717 3247 841 3326 Quodsi
856 3253 977 3316 inventi
998 3252 1120 3318 luerint
1141 3274 1258 3320 mensu·

197 3376 263 3418 ram
282 3353 461 3417 adulterare
477 3351 531 3417 vel
547 3355 700 3432 minnere,
723 3362 756 3417 et
774 3354 921 3419 dmuuum
939 3356 1133 3435 sustineant,
1153 3365 1187 3420 et
1202 3358 1257 3420 vir·

196 3458 246 3540 gis
271 3456 453 3519 caedantur.
506 3454 660 3518 Homines
686 3457 796 3535 etiam,
834 3455 946 3539 quibus
973 3454 1033 3518 boo
1060 3461 1258 3523 mmmmm

194 3550 257 3636 est,
275 3565 311 3622 ut
326 3556 526 3638 provideant,
545 3578 585 3619 ne
603 3577 767 3621 mensurae
785 3558 990 3635 minorentur,
1008 3559 1037 3620 si
1055 3556 1095 3620 de
1113 3562 1258 3640 periurio,

197 3660 279 3740 quod
298 3662 495 3738 iuraverunt,
518 3659 600 3739 quod
618 3658 679 3723 hoc
697 3659 875 3721 consentire
893 3679 955 3722 non
974 3656 1176 3741 debuissent,
1197 3661 1258 3725 fue·

195 3763 260 3824 rint
277 3763 427 3839 convicti,
455 3761 625 3825 secundum
641 3759 747 3844 legem
764 3761 945 3843 puniantur,
971 3766 1026 3825 aut
1043 3762 1183 3843 perdant
1197 3785 1257 3828 ma·

151 3930 155 3938 ι

198 3943 257 3949 --..-.
266 3944 271 3948 .
292 3942 408 3950 ..ιι-.-

367 4026 441 4070 lecit.
460 4041 480 4070 c.
500 4031 532 4071 19.
550 4041 572 4071 v.
590 4031 624 4073 86.

363 4078 473 4121 Proverb.
488 4093 507 4121 r.
521 4082 554 4121 20.
568 4092 591 4123 v.
604 4082 637 4122 1⁰.

300 4025 343 4189 ll
362 4129 452 4173 Psalm.
466 4144 486 4173 c.
502 4133 532 4173 14.
547 4143 568 4174 c.
583 4134 603 4172 s.

240 4272 271 4332 C.
301 4271 516 4333 CCCCXXXV.
548 4278 625 4347 785)
657 4284 705 4333 et:
726 4271 801 4333 liiid.
824 4272 886 4334 Bal.
944 4292 948 4297 ·
