2594 4898
180 339 249 411 Μ
469 332 634 396 sueino
650 328 784 395 LIBER
805 328 976 394 enimus,

184 513 320 592 cogente
337 504 580 570 commisimus·
601 500 639 566 δί
655 523 734 566 vero
752 522 811 566 nos
829 508 939 565 nostra
956 494 1080 565 sceiere
1099 500 1253 568 celaveri·

182 633 267 689 mus,
295 609 335 672 ab
356 606 413 671 ilio
431 605 731 684 manifestabuntur,
758 606 811 687 qui
828 610 995 667 accusator
1012 609 1062 666 cst
1077 608 1206 685 peccati
1222 613 1253 669 ot

182 715 336 776 incentor.
380 708 451 790 lpse
470 711 554 773 enim
572 706 624 771 hic
641 730 715 788 nos,
734 715 770 770 ut
787 727 968 788 peccemus,
995 707 1147 791 instigat,
1174 710 1249 788 ipse,

183 836 255 890 oum
270 814 514 894 peccaverimus,
533 817 672 874 accusat.
709 808 744 873 δί
762 829 838 893 ergo
855 809 889 873 in
908 807 968 872 hac
985 809 1052 873 vita
1064 812 1248 889 praevenia-

61 992 63 996 ‚
182 938 252 982 mus
275 937 347 979 eum
369 921 401 978 et
422 915 483 993 ipsi
505 913 606 976 nostri
630 906 759 975 sceleris
782 918 982 975 accusatores
1000 913 1117 992 simusj
1141 913 1248 992 neqni-

181 1021 245 1083 tias
257 1000 380 1101 ¹diaboli
397 1016 517 1079 inimici
535 1015 636 1077 nostri
653 1020 687 1077 et
704 1015 897 1078 accusatoris
920 1013 1124 1098 effugiemus,
1150 1011 1247 1078 Paulo

182 1108 293 1196 testej
310 1120 362 1200 qni
388 1120 434 1182 ait
442 1116 499 1204 †):
535 1114 575 1181 St
597 1123 816 1200 nosmetipsos
842 1115 1071 1196 indicaremus,
1098 1136 1163 1187 aon
1186 1123 1246 1180 eti·

182 1244 243 1310 que
260 1220 518 1301 diiudicareumr.

268 1356 432 1440 Videns*)
455 1363 562 1421 autem
584 1376 655 1419 eum
674 1353 825 1419 sacerdos
842 1355 1110 1419 verecundantem
1125 1377 1246 1420 rursnm

180 1466 404 1544 prosequatur:
438 1457 613 1537 Fortassis,
639 1458 818 1536 carissime,
844 1478 909 1520 non
931 1459 1053 1536 omnia,
1076 1479 1165 1538 quse
1180 1480 1246 1543 ges·

180 1566 268 1642 sisti,
296 1563 338 1624 ad
363 1561 548 1624 memoriam
569 1559 664 1624 modo
695 1561 837 1624 veniunt.
880 1558 952 1643 Ego
975 1569 1007 1623 te
1032 1560 1244 1645 interrogabo

181 1663 235 1728 Tu
260 1683 355 1742 cave,
383 1683 424 1726 ne
447 1659 576 1725 diabolo
597 1662 753 1726 suadente
778 1661 898 1742 aliquid
924 1660 1029 1726 celare
1054 1660 1245 1742 praesumas.

183 1766 227 1829 Et
243 1773 320 1830 tunc
344 1748 420 1827 'eum
444 1765 492 1826 ita
514 1764 738 1847 perordinem
759 1765 1001 1849 interroget-“it

266 1899 385 1964 Fecisti
401 1898 621 1981 homicidium,
648 1908 704 1965 aut
725 1921 816 1980 casu,
843 1907 899 1964 ant
914 1898 1027 1965 volens
1049 1906 1106 1965 aut
1126 1898 1246 1981 nolens,

171 2009 238 2067 -aut
261 2021 320 2082 pro
346 2002 487 2082 vindicta
502 2010 684 2083 parentum,
712 2004 767 2068 aut
792 2003 923 2068 iubente
949 2003 1076 2067 domino
1094 2011 1170 2085 tno,
1196 2011 1247 2068 aut

181 2107 214 2168 in
245 2103 371 2184 publico
403 2103 511 2168 bellot
564 2103 600 2168 Si
629 2104 811 2170 voluntarie
840 2105 965 2185 fecisti,
1000 2111 1121 2187 septem
1149 2128 1246 2171 annos

180 2208 344 2288 poenitere
371 2206 487 2282 debes3
515 2208 543 2270 'si
569 2205 680 2271 nolens
706 2215 762 2272 aut
792 2229 883 2288 casu,
919 2211 1053 2291 quinque
1080 2230 1198 2286 annos;
1222 2211 1246 2273 si

107 2366 111 2371 .
179 2330 238 2389 pro
261 2308 402 2373 vindicta
417 2311 568 2389 panentu,
586 2331 683 2372 unum
700 2331 832 2390 annum,
855 2311 1110 2391 et.sequentibns
1128 2310 1247 2376 duobus

181 2413 272 2475 annis
294 2417 359 2474 tres
383 2411 639 2497 quadragesimas
661 2418 694 2475 et
714 2411 872 2497 legitimas
894 2413 1003 2477 ferias.
1048 2412 1084 2477 Si
1101 2415 1136 2478 in
1153 2412 1246 2493 bello,

181 2513 390 2597 quodraginta
415 2513 493 2577 dies.
538 2511 573 2576 Si
589 2511 672 2576 liber
689 2536 739 2594 es,
762 2521 796 2578 et
817 2512 946 2579 iubente
972 2515 1101 2579 domino
1123 2536 1246 2582 servum

178 2613 383 2679 innocentem
410 2615 570 2694 occidisti,
597 2637 714 2679 annum
738 2638 850 2695 unum,
877 2621 911 2680 in
929 2617 1048 2681 duobus
1068 2616 1142 2691 aliis
1161 2621 1246 2684 annis

178 2721 246 2793 tres
277 2716 533 2801 quadragesimas
564 2723 597 2780 et
626 2717 783 2802 legitimas
813 2719 937 2795 ferias3¹
957 2721 985 2782 si
1007 2722 1245 2808 servus-dignus

181 2824 231 2882 est
247 2824 366 2897 morte,
386 2818 591 2904 quadraginta
609 2818 676 2883 dies
693 2822 867 2901 poeniteas

266 2933 343 2999 lnt.
377 2935 495 3000 Fecisti
504 2941 719 3003 uuncationes
728 2962 876 3004 manuum
886 2947 940 3005 aut
952 2939 1082 3023 pedum,
1101 2953 1161 3011 ant
1176 2966 1246 3010 ocu·

179 3034 230 3100 los
247 3035 383 3100 hominis
403 3041 528 3116 eruisti,
558 3048 613 3106 aut
629 3041 802 3106 vulnerasti
819 3041 1000 3107 hominemi
1039 3043 1105 3109 Pro·
1120 3053 1246 3133 trunca

181 3141 270 3204 tione
289 3160 404 3205 annum
429 3163 526 3207 unum
546 3145 711 3227 poenitere
732 3144 850 3226 debes,
881 3168 938 3227 pro
955 3141 1086 3211 vulnere
1113 3150 1247 3229 quadra·
1288 3208 1291 3291 1

180 3241 269 3326 ginta
288 3242 366 3305 dies.

256 3359 327 3425 lnt.
352 3360 472 3429 Fecisti
488 3367 657 3445 periurium
676 3373 731 3431 aut
747 3389 805 3448 pro
824 3369 996 3449 cupiditate
1012 3367 1113 3433 seculi
1131 3377 1247 3453 anteo·
1287 3380 1291 3465 J

180 3468 270 3527 actus
285 3470 318 3527 et
334 3485 390 3544 pro
408 3468 671 3533 necessitateaut
686 3491 743 3549 pro
760 3471 828 3534 vita
842 3476 897 3532 tua
910 3475 979 3551 549)
997 3476 1052 3534 aut
1069 3483 1246 3553 parentum,

180 3625 395 3640 —-—

309 3713 339 3770 †)
352 3715 372 3758 1.
388 3714 440 3760 Cor.
455 3730 475 3761 c.
489 3720 522 3761 11.
536 3731 558 3763 e.
572 3722 606 3764 81.

121 3912 125 3919 ,
224 3853 256 3912 C.
269 3853 393 3915 ccelv.
423 3858 449 3931 ¹²)
467 3861 633 3918 Vn‘dens—
647 3863 692 3921 in-
735 3874 821 3942 atqne
839 3865 1003 3926 accuratius
1020 3885 1069 3927 nes
1096 3876 1246 3937 tractetur,

181 3947 334 4017 terroget:
352 3940 546 4019 opudBurch.
565 3956 631 4003 sunt
648 3947 692 4004 in·
735 3967 817 4026 quam
845 3948 893 4008 hic
920 3949 995 4030 apud
1021 3950 1127 4031 Regin.
1173 3957 1247 4029 549)

181 4024 301 4102 scriptio
329 4027 430 4106 capitis
457 4031 487 4089 5.
540 4029 583 4108 ”)
611 4030 690 4103 Quae
732 4034 776 4092 sic
804 4053 904 4094 omnes
932 4033 1041 4109 Codd.;
1070 4036 1150 4096 iliid.
1179 4056 1248 4098 con·

180 4104 236 4167 iam
254 4108 444 4188 apudBnrch.
463 4123 633 4190 sequuntur,
653 4133 690 4175 ex
732 4127 778 4179 tra
802 4121 957 4198 perspicua
983 4119 1099 4181 Codicis
1128 4122 1248 4185 aeine
1289 4186 1291 4191 .

179 4192 237 4252 aiio
256 4192 386 4253 desumta
408 4205 472 4254 sunt
495 4195 568 4257 iibro
588 4197 692 4259 Poeni·
734 4203 818 4282 signa
845 4204 931 4283 tegit:
953 4208 1146 4283 pervincere,
1174 4206 1248 4289 qud

180 4277 306 4349 scoriali,
335 4297 418 4356 quum
437 4281 524 4341 multo
543 4281 581 4342 ibi
601 4283 690 4345 insius
734 4297 765 4346 et
781 4286 843 4349 Bai.
862 4291 985 4370 recepit.
1287 4272 1291 4419 1
