2594 4898
459 342 535 427 App.
554 344 592 405 ll.
615 366 686 427 cap.
704 344 833 407 ll-lV.
1104 348 1179 413 tut

146 510 187 575 C.
205 508 266 577 Ill.
311 509 364 577 Dc
374 510 572 597 presbyteris
592 516 646 578 cel
659 512 843 579 mammons
862 514 902 580 ud
919 534 982 580 aso
999 520 1142 603 episcopo
1182 536 1294 584 anst.

506 636 569 679 son
585 618 786 701 dqroaeadr'c.

264 750 323 814 Ex
345 748 519 817 Concilio
544 750 751 831 Toletano,
778 775 856 833 cap.
878 751 1030 835 Xlll⁰).
1072 726 1085 737 Ἰ

199 868 417 950 Comperimus
429 875 477 955 ¹),
504 872 658 952 quendam
675 872 879 957 Fragitannm
897 870 1112 937 Cordubensis
1130 896 1180 937 ec·

113 970 231 1036 clasiae
252 972 472 1053 presbyterum
494 995 515 1035 a
535 971 686 1053 pontifice
710 994 767 1037 suo
790 976 905 1039 iniusta
930 973 1005 1037 olim
1025 975 1180 1039 deiectum

113 1082 148 1138 et
172 1077 374 1138 innocentem
400 1072 496 1137 exilio
523 1076 781 1153 condemnatum,
811 1097 901 1157 quem
927 1097 1049 1139 rursum
1078 1076 1181 1140 ordini

112 1196 171 1241 sno
188 1178 402 1253 restituentes,
421 1176 454 1238 id
472 1176 574 1238 denuo
592 1177 742 1240 adversus
755 1180 1021 1257 praesumtionem
1040 1184 1179 1242 nostram

112 1278 324 1355 decrevimus,
350 1285 387 1341 ut
407 1279 499 1341 iuxta
520 1280 693 1357 priscorum
709 1288 831 1358 patrum
849 1279 1037 1362 synodalem
1054 1287 1181 1343 senten·

110 1380 207 1457 tiam,
244 1377 347 1441 nullus
375 1389 514 1442 nostrum
542 1380 610 1442 sine
641 1377 768 1442 concilii
796 1383 944 1443 examine
972 1381 1181 1444 deiiciendnm

82 1516 84 1525 ·
111 1478 286 1561 quemlibet
306 1480 562 1563 presbyterorum
584 1479 635 1543 vel
658 1479 862 1544 diaconorum
875 1483 905 1565 8)
933 1484 1059 1546 audeat.
1102 1482 1180 1561 Epi·

110 1602 227 1663 scopus
249 1584 333 1645 enim
354 1582 569 1646 sacerdotibus
591 1604 629 1646 ac
650 1584 803 1646 ministris
825 1581 912 1647 solus
934 1581 1086 1647 bonorem
1104 1584 1180 1647 dare

108 1690 234 1767 potest,
260 1684 386 1748 anferre
408 1683 491 1748 solus
514 1706 577 1748 non
599 1691 714 1765 potest.
758 1683 930 1767 Presbyter
949 1686 1094 1765 prolecto
1120 1706 1179 1748 nec

108 1784 152 1849 ab
171 1806 237 1849 nno
255 1784 411 1865 damnari,
437 1808 497 1851 nec
514 1809 577 1850 nno
594 1786 752 1850 iudicante
767 1788 886 1867 poterit
903 1786 1032 1851 bononis
1048 1788 1099 1850 sni
1115 1786 1178 1866 pri·

106 1884 230 1971 vilegio
258 1885 412 1977 denudari
425 1888 479 1973 ⁹),
513 1890 571 1953 sed
600 1890 774 1969 praestanti
787 1890 840 1973 1⁰)
871 1887 1020 1971 synodali
1049 1888 1178 1967 iudicio,

107 1988 198 2071 qnod
215 2009 317 2051 canon
334 1990 374 2053 de
392 1988 454 2053 illis
470 1992 676 2071 praeceperit,
693 1988 867 2055 finiendum
884 1998 933 2053 est
946 1992 1008 2071 lt).
1086 2037 1093 2049 .

129 2154 170 2219 C.
188 2154 248 2222 IV.
296 2156 342 2223 Ut
357 2158 499 2224 Abdara
514 2166 727 2243 inpotentem
743 2166 953 2244 epsicoporum
969 2165 1046 2237 sciti,
1063 2167 1099 2223 ei
1114 2156 1155 2223 de
1183 2185 1213 2233 a,
1222 2185 1241 2232 1.
1250 2182 1292 2228 aa

502 2261 661 2327 monacbis
676 2267 778 2345 vagis.
913 2294 916 2301 ·

239 2396 297 2463 Ex
315 2396 490 2463 Concilio
512 2396 799 2479 Aurelianensi,
826 2418 900 2477 cap.
923 2394 1048 2479 XVl).

194 2514 337 2581 Abbates
358 2538 416 2596 pro
442 2514 621 2580 bumilitate
642 2513 806 2601 religionis
827 2518 860 2579 in
883 2516 1100 2595 episcoporum
1120 2532 1177 2595 po·

105 2624 228 2684 testate
255 2620 446 2696 consistant,
472 2624 505 2682 et
529 2619 557 2681 si
584 2617 656 2697 quid
679 2626 775 2683 extra
794 2616 937 2702 regulam
958 2616 1109 2694 fecerint,
1135 2613 1176 2679 ab

106 2720 268 2801 episcopis
286 2720 499 2803 corrigantur,
525 2721 578 2800 qni
593 2716 692 2783 semel
709 2722 742 2783 in
761 2740 860 2800 anno,
882 2720 915 2781 in
933 2716 1020 2797 loco,
1042 2716 1096 2781 ubi
1114 2718 1178 2796 epi·

107 2842 223 2902 scopus
250 2817 397 2902 elegerit,
427 2829 556 2900 accepta
580 2823 748 2885 vocatione
775 2823 974 2885 conveniant.
1025 2816 1179 2883 Monacbi

107 2928 218 2987 antem
239 2922 406 2985 abbatibus
434 2925 519 2986 omni
541 2921 722 2987 obedientia
744 2932 777 2987 et
793 2923 963 2987 devotione
980 2920 1177 2985 subiaceant.

108 3020 234 3099 Quodsi
257 3026 324 3103 quis
344 3044 401 3103 per
418 3026 648 3088 contumaciam
671 3026 832 3089 exstiterit
848 3022 1034 3101 indevotus,
1063 3044 1102 3087 ac
1118 3042 1178 3103 per

105 3124 182 3191 loca
204 3122 307 3204 aliqua
329 3127 438 3207 vagari
459 3136 515 3188 ant
531 3124 689 3205 peculiare
711 3124 828 3205 aliquid
846 3124 964 3188 babere
982 3144 1178 3204 praesumse-

105 3230 167 3307 rit,
191 3228 311 3305 omnia,
340 3247 418 3305 qnae
436 3228 654 3307 acquisiverit,
682 3227 722 3290 ab
741 3222 909 3288 abbatibus
926 3224 1110 3288 auferantur
1126 3243 1177 3285 se·

107 3328 245 3395 cundum
269 3327 413 3413 regulam
438 3328 630 3393 monasterio
655 3327 830 3407 profutura.
884 3322 951 3404 Ipsi
976 3332 1097 3403 autem,
1125 3324 1178 3401 qui

105 3430 228 3496 fuerint
242 3434 407 3515 pervagati
419 3434 488 3512 ¹²),
514 3429 571 3493 nbi
586 3429 707 3493 inventi
722 3428 857 3507 fuerint,
883 3448 954 3492 cum
972 3422 1093 3489 anxilio
1112 3422 1176 3502 epi·

179 3690 207 3737 C.
224 3690 267 3735 111.
302 3687 330 3755 c)
347 3690 426 3737 lmmo
436 3690 514 3739 conc.
523 3688 621 3749 Hispal.
631 3690 671 3749 11,
682 3688 885 3749 bsb.suu.619.,
897 3700 918 3733 c.
929 3689 953 3734 6.
961 3708 997 3721 -
1005 3682 1070 3734 Call.
1078 3685 1175 3733 Abbnn.

106 3757 178 3808 Flos.
188 3771 211 3804 c.
221 3758 275 3818 12,
290 3758 318 3806 c.
327 3758 384 3805 xv.
393 3771 417 3815 q.
426 3759 450 3803 t.
459 3772 482 3805 c.
492 3760 516 3806 1.

178 3825 206 3873 c.
224 3826 266 3871 lv.
300 3826 329 3885 d)
347 3823 710 3886 conc.Anrel.1.,bsb.b11.,
725 3838 747 3873 c.
757 3825 843 3872 21.-
858 3822 952 3871 Burcb.
961 3822 1028 3868 vm.
1038 3823 1088 3884 tl,
1098 3821 1175 3869 Dect.

89 3956 92 3961 Ι
106 3894 162 3941 vu.
173 3894 214 3941 81,
223 3893 285 3955 (la),
298 3894 326 3941 c.
336 3892 427 3941 XVssL
437 3907 461 3951 q.
472 3894 497 3941 2.
506 3907 528 3940 c.
539 3895 581 3939 16.
680 3894 684 3899 “

151 4044 186 4101 C.
222 4041 275 4106 111.
310 4048 347 4115 7)
382 4053 469 4102 secto
505 4046 622 4103 netz'osc
668 4049 718 4118 10)
749 4047 954 4123 praesentati.-
990 4040 1059 4101 ibid.
1122 4042 1172 4110 11)

107 4146 220 4206 compa
253 4126 320 4187 edd.
351 4129 425 4204 orig„
454 4127 527 4187 Coll.
559 4129 621 4187 citt.
665 4126 748 4189 deest
785 4128 868 4202 Hal,
916 4127 1054 4205 deriuari:
1097 4125 1172 4200 orig.

107 4216 141 4284 8)
155 4210 363 4290 presbyterum
385 4214 436 4272 cel
450 4214 621 4274 draconum:
665 4212 739 4272 (loll.
758 4214 820 4273 citt.

108 4296 179 4355 ibid.
225 4301 257 4370 9)
271 4299 443 4376 prrbr‘lcgrii
466 4299 554 4358 ecur':
580 4298 619 4357 ib.
708 4298 740 4356 C.
759 4297 810 4358 lV.
831 4298 882 4373 12)
895 4294 1074 4373 proccgaa‘r
1094 4288 1155 4349 Bal.
