2594 4898
180 333 250 400 250
425 335 593 398 llllGlNO
612 332 743 396 LIBER
763 328 1006 395 SECUNDUS.

180 513 250 570 tota
268 506 454 586 compositio
477 505 570 570 cedat
590 504 779 587 presbytero
792 501 859 586 88);
881 503 1003 564 sivero
1021 507 1171 565 mortuus
1188 502 1249 566 foe

180 610 238 687 rii,
262 609 447 687 compositio
469 610 503 672 in
525 615 590 672 tres
614 607 773 670 dividatur
792 605 971 685 portiones,
995 603 1026 666 id
1051 610 1129 682 est,
1149 602 1247 682 altari,

181 711 231 773 cui
247 710 416 793 presbyter
434 709 647 788 deserviebat,
664 729 740 790 pars
755 729 834 785 una,
854 704 957 769 altera
970 707 1142 788 episcopo,
1161 708 1248 770 tertio

179 812 363 892 parentibus
380 811 559 894 presbyteri
576 809 726 875 solvatur.

493 979 531 1044 C.
551 928 645 1045 xil.
690 979 745 1045 De
762 979 871 1044 eodem
887 1000 934 1043 re.

265 1119 324 1182 Ex
343 1117 621 1198 capitularium
636 1116 718 1180 Lib.
738 1112 784 1179 ΙΙ.
803 1137 880 1194 cap.
898 1104 1046 1177 XLVIII
1056 1117 1089 1197 ¹)
1103 1116 1171 1199 89).

265 1237 450 1320 Presbyteri
466 1237 626 1302 interlecti
638 1237 689 1320 ⁹⁰)
713 1236 876 1315 episcopo,
899 1236 941 1298 ad
963 1235 1050 1297 corius
1068 1232 1248 1314 parochiam

179 1341 355 1421 pertinent,
382 1339 549 1405 solvantur
574 1339 746 1402 secundum
773 1334 957 1416 capitulare
983 1333 1121 1418 gloriosi
1147 1334 1248 1399 Caroli

180 1443 333 1526 genitoris
368 1444 484 1522 nostri,
514 1444 561 1505 ita
594 1437 758 1517 videlicet,
788 1446 824 1502 ut
853 1439 1056 1502 medietatem
1086 1439 1248 1524 weregildi

182 1547 250 1607 eius
274 1545 438 1625 episcopus
459 1542 650 1607 utilitatibus
669 1539 839 1621 ecclesiae,
867 1542 916 1603 cui
938 1540 1092 1620 praefuit,
1120 1542 1249 1618 tribuat,

181 1652 213 1710 et
234 1644 368 1709 alteram
388 1644 592 1708 medietatem
613 1646 646 1705 in
666 1642 901 1724 eleemosynam
919 1641 1003 1705 illius
1026 1643 1111 1706 iuste
1133 1644 1247 1724 disper·

180 1749 256 1824 tiat,
276 1749 350 1827 quia
367 1744 469 1808 nullus
488 1744 580 1808 nobis
598 1746 665 1808 eius
685 1744 776 1807 heres
794 1745 972 1825 proximior
988 1745 1135 1825 videtur,
1160 1765 1245 1826 quam
1291 1799 1293 1820 ,

180 1845 252 1928 ille,
272 1850 325 1930 qui
342 1849 445 1928 ipsum
462 1844 603 1910 Domino
622 1848 765 1910 sociavit.
827 1850 830 1855 ’

317 2016 355 2082 C.
375 2017 483 2083 XLll.
527 2018 582 2084 De
600 2039 650 2098 eo,
669 2025 727 2106 que·
740 2019 935 2083 sacerdotem
953 2018 1120 2084 occiderit.

415 2152 473 2219 Ex
492 2152 667 2219 Concilio
685 2154 1012 2240 wormatiensis).

266 2270 331 2350 Qui
352 2274 553 2340 sacerdotem
573 2273 752 2338 voluntarie
773 2274 940 2355 occiderit,
963 2295 1092 2337 carnem
1114 2297 1183 2338 non
1200 2297 1248 2339 co·

178 2376 287 2441 medat
304 2384 337 2440 et
352 2377 461 2440 vinum
477 2398 541 2440 non
559 2376 649 2441 bibat
667 2379 786 2440 cunctis
800 2376 910 2440 diebus
924 2377 1007 2440 vitae
1021 2397 1112 2452 suae;
1133 2378 1248 2441 ieiunet

178 2500 276 2559 usque
294 2479 335 2541 ad
353 2500 535 2559 vesperam,
559 2481 700 2558 exceptis
724 2477 833 2541 diebus
850 2480 942 2541 festis
960 2485 1054 2559 atque
1072 2479 1247 2557 dominicis,

179 2602 269 2643 arma
294 2601 359 2642 non
385 2587 504 2660 sumat,
541 2602 653 2660 equum
679 2601 742 2644 non
774 2581 962 2660 adscendet,
998 2566 1172 2645 ecclesiam
1197 2602 1248 2661 per

180 2684 422 2762 quinquennium
448 2703 512 2744 non
538 2684 747 2766 ingrediatur,
788 2683 846 2745 sed
877 2690 952 2745 ante
980 2683 1067 2745 fores
1095 2682 1247 2746 ecclesiae

84 2842 90 2849 ,
179 2789 256 2856 stet3
291 2789 365 2863 post
400 2786 642 2863 quinquennium
668 2783 838 2847 ecclesiam
863 2784 1074 2868 ingrediatur,
1110 2786 1248 2849 nondum

179 2905 255 2948 vero
275 2886 498 2966 communicet,
517 2888 573 2948 sed
591 2889 674 2949 inter
692 2886 857 2950 audientes
874 2894 938 2949 stet
954 2885 1006 2950 vel
1023 2887 1149 2969 sedeat.
1172 2885 1247 2952 Cum

248 3179 275 3223 c.
292 3178 359 3226 XLI.
394 3175 424 3240 x)
441 3181 533 3240 Anseg.
548 3181 630 3242 Capit.
644 3183 699 3230 Lib.
709 3184 750 3230 IV.
766 3185 846 3238 c.,14.
860 3185 896 3243 b.,
912 3183 1052 3229 secundum
1066 3182 1208 3232 editionem
1223 3183 1246 3229 in

178 3246 292 3294 Monum.
303 3247 387 3296 Germ.
395 3249 456 3297 hist.
465 3250 495 3297 T.
505 3251 548 3297 tlt.
558 3264 582 3309 p.
593 3252 650 3298 313.
661 3253 715 3299 not.
725 3250 747 3307 ³)
756 3250 874 3297 Attamen
885 3251 910 3296 in
922 3251 1052 3298 nonnullis
1058 3251 1245 3310 capitularium

179 3314 270 3374 Ouid,
290 3316 368 3363 velut.
381 3319 440 3366 Vnt.
455 3313 478 3365 1.
492 3317 556 3366 Bell.
569 3321 632 3366 Met.
646 3320 732 3366 camb.
748 3319 794 3376 (ct.
803 3321 917 3368 Monuni.
927 3319 944 3367 l.
954 3316 984 3379 l.)
1001 3319 1050 3366 hoc
1066 3322 1148 3378 ceput
1160 3319 1187 3367 in
1201 3321 1247 3366 tine

177 3382 248 3430 Libri
261 3385 292 3432 11.
311 3385 467 3432 collocatum
485 3389 538 3446 est,
556 3386 665 3444 ideoque
683 3387 807 3433 eiusmodi
821 3387 915 3434 Codice
929 3389 1086 3446 Reginonem
1100 3400 1179 3435 usum
1194 3402 1249 3434 esse

179 3454 289 3500 constat.
297 3453 435 3502 —Burch.
443 3455 486 3502 Vl.
497 3456 537 3502 11.
547 3455 610 3515 (3.),
620 3455 696 3502 Dect.
705 3455 739 3502 X.
751 3457 808 3502 140.
819 3455 880 3515 (3.),
891 3458 925 3515 8.,
936 3455 998 3503 Pan.
1007 3456 1073 3504 Vlll.
1084 3455 1162 3518 6.(1).
1173 3456 1246 3516 c.8.)‚
1291 3460 1293 3469 “

179 3520 205 3566 C.
216 3520 295 3569 xvn.
306 3535 348 3580 qu.
357 3523 383 3566 4.
395 3522 547 3581 c.26.(1).):
568 3523 613 3570 Es·
623 3524 698 3570 Coss.
712 3524 814 3570 Trs‘bur.
825 3538 846 3571 c.
857 3527 881 3570 5.
888 3536 900 3582 ,·
916 3524 998 3570 falsae
1011 3523 1192 3582 inscriptionis
1202 3537 1248 3571 au-

177 3591 235 3701 ptolr
243 3588 406 3702 lciupglpardus
417 3592 469 3650 cst,
479 3595 505 3636 et
515 3604 594 3638 causa
604 3605 682 3651 supro
691 3605 713 3640 c.
724 3591 848 3638 xxxvu
857 3591 1005 3651 Reginonis.
1032 3592 1071 3640 Cf.
1081 3593 1178 3643 Bened.
1188 3594 1247 3652 Cep.

246 3725 273 3768 c.
290 3724 368 3771 Xhll.
405 3723 433 3784 y)
452 3727 516 3773 Hah.
530 3739 590 3774 snn.
606 3729 664 3775 868.
679 3741 702 3773 c.
717 3730 757 3777 26.
770 3727 834 3791 (16.)
849 3728 1035 3787 aliquantulum
1051 3727 1247 3778 breviatum.-

178 3789 271 3838 Burch.
280 3793 322 3839 VI.
332 3793 355 3839 8.
366 3792 519 3853 (R.)‚Decs.
528 3796 562 3843 X.
574 3797 631 3843 137.
641 3796 704 3855 (lb).
1122 3798 1125 3803 “

222 3938 255 3998 C.
265 3940 327 3999 XL.
347 3945 400 4018 88)
410 3943 570 4021 presbyter
580 3949 689 4007 colum·
736 3949 839 4008 Omnes
848 3948 1024 4027 presbyteri
1036 3946 1248 4026 sistcsfectores

178 4027 294 4097 nictus,
330 4029 360 4085 εἰ
386 4033 587 4105 spassaverit,
626 4042 689 4091 tota
733 4037 943 4111 compositione
971 4036 1126 4112 episcopi:
1166 4033 1246 4096 Grat.

178 4129 270 4187 comp.
289 4113 352 4170 ced.
366 4133 420 4190 p..·
440 4112 563 4172 Darmst.
732 4118 795 4192 (sed
813 4120 860 4177 bic
880 4119 1092 4178 locusDecreti
1109 4119 1248 4180 emenda·

219 4194 253 4255 C.
288 4196 365 4256 XLl.
408 4203 460 4273 90)
498 4204 686 4280 compositio:
731 4205 811 4266 tione
831 4202 1026 4285 dignoscet.)

176 4276 241 4340 add.
256 4280 317 4341 Bal.
328 4281 435 4344 Burcb.
449 4284 536 4346 Decr.
556 4308 582 4346 c.
600 4293 684 4361 1404
