2594 4898
354 321 792 404 uapuxxx-nxxxvu.
1060 326 1132 389 am

60 487 218 555 interficit
231 493 319 564 181),
342 497 399 554 aut
411 510 599 570 ,quacunque
618 495 687 553 arte
704 489 859 568 perimere
875 488 967 568 facit,
986 493 1059 571 quia
1077 493 1132 555 do-

60 596 182 656 miuum
201 600 234 655 et
251 593 408 655 seniorem
427 613 517 654 suum
535 591 651 654 occidit
664 596 674 634 ¹
685 591 752 674 88),
771 589 807 653 X
824 593 916 654 annis
934 594 1104 671 poeniteat.

188 844 226 909 C.
244 843 425 910 LXXXV.
470 843 525 910 De
542 866 592 921 eo,
610 852 667 930 qui
682 847 817 930 aliquem
835 843 1005 924 interficit.
1140 861 1172 904 ετ

82 983 140 1044 Ex
167 981 268 1066 Lege
294 980 477 1060 Romana,
508 979 926 1144 Paulivsentcntiarum
956 980 1038 1044 Lib.
1065 979 1108 1045 V.

495 1104 521 1144 c.
540 1081 617 1145 XX
667 1084 703 1167 ').

149 1198 213 1277 Qui
233 1202 393 1275 vero1⁸⁹)
423 1199 560 1282 aliquem
586 1198 737 1265 interficit
762 1200 936 1279 hominem,
964 1201 1131 1281 aliquando

60 1303 253 1383 absolvitur,
281 1309 329 1381 et,
356 1305 409 1382 qui
436 1324 500 1366 non
527 1300 656 1381 occidit,
683 1309 727 1367 ut,
743 1301 902 1365 homicida
927 1308 1054 1367 tenetur
1078 1302 1132 1366 vel

59 1406 240 1468 damnatur.
294 1402 471 1467 Consilium
502 1405 585 1466 enim
614 1404 870 1484 uniuscuiusque,
907 1426 971 1467 non
999 1405 1129 1485 iactum,

58 1506 252 1587 puniendum
269 1514 333 1584 est,
351 1505 501 1585 ideoque,
531 1508 597 1585 qui,
621 1527 691 1569 cum
708 1503 806 1568 vellet
823 1505 983 1585 occidere,
1005 1506 1038 1569 id
1056 1529 1131 1571 casu

59 1607 168 1688 aliquo
190 1614 371 1686 perpetrare
394 1628 457 1671 non
480 1609 597 1687 potuit,
625 1617 660 1671 ut
678 1605 837 1670 homicida
853 1608 1016 1687 punietur,
1040 1615 1072 1671 et
1089 1609 1128 1687 is,

58 1711 113 1789 qui
146 1730 235 1788 casu,
266 1711 350 1772 iactu
377 1707 448 1788 teli,
479 1708 639 1772 hominem
667 1710 882 1789 imprudenter
911 1709 1042 1788 occidit,
1075 1709 1130 1773 ab·
1204 1783 1207 1787 ,

57 1808 205 1874 solvitur.

80 2061 117 2126 C.
138 2062 336 2128 LXXXVI.
376 2063 430 2130 De
447 2066 513 2146 hu,
531 2073 589 2151 qm·
603 2066 741 2131 donicus
757 2019 895 2132 madeat
911 2065 1106 2147 interficere.

451 2201 514 2265 Ex
540 2203 735 2276 eadem¹).

145 2314 354 2382 Mandatores
381 2321 502 2398 caedis,
529 2320 561 2382 id
588 2326 652 2399 ost,
685 2321 736 2399 qui
762 2318 906 2382 homines
932 2321 1129 2400 praecipiunt

56 2417 111 2483 vol
147 2420 281 2483 suadent
313 2419 511 2501 interficere,
545 2418 678 2502 proinde
691 2423 762 2504 ¹⁹⁰)
797 2428 834 2484 ut
868 2419 1044 2485 homicidae
1073 2444 1128 2502 pu-

57 2523 199 2584 niautur.

141 2774 177 2839 C.
195 2774 410 2841 LXXXVII.
454 2777 509 2843 De
525 2801 577 2859 eo,
602 2787 659 2865 qui
672 2779 823 2844 homiuem
841 2785 1045 2844 castraverit.
1137 2798 1169 2842 aa

453 2914 515 2979 Ex
536 2915 682 2979 eadam
695 2916 734 2998 t).

145 3029 210 3105 Qui
223 3029 382 3097 hominem
391 3038 402 3077 ¹
412 3036 425 3077 ⁹
435 3035 463 3117 ¹)
482 3034 623 3099 libidinis
637 3044 692 3098 aut
705 3035 928 3118 negotiationis
938 3037 1014 3115 ¹⁹²)
1033 3056 1126 3099 causa

57 3135 261 3213 castraverit,
282 3136 541 3216 castrandumque
559 3136 726 3200 tradiderit
739 3139 827 3220 ¹⁹³),
847 3137 913 3199 sive
932 3158 1041 3199 servus
1059 3139 1126 3200 siva

55 3233 141 3298 liber
157 3237 214 3315 sit,
234 3237 334 3317 capite
351 3239 510 3316 puniatur.

125 3561 154 3609 c.
171 3561 302 3610 LXXXV.
335 3565 361 3625 r)
379 3566 487 3624 Interpr.
496 3567 519 3624 1.
529 3565 553 3612 9.

126 3630 154 3677 G.
172 3631 313 3679 LXXXVI.
349 3633 373 3689 ι)
391 3632 452 3680 Ibid.
467 3630 493 3698 §
503 3637 544 3681 11.

126 3698 155 3745 c.
173 3698 326 3746 LXXXVII.
360 3701 384 3761 t)
401 3702 495 3760 ibidd.
506 3702 546 3749 1³.

100 3847 134 3906 C.
154 3847 315 3910 LXXXIV.
347 3850 420 3930 187)
444 3850 569 3930 cuterfe·
656 3852 689 3910 C.
706 3848 864 3910 LXXXVI.
888 3853 962 3924 199)
977 3854 1123 3929 perdide:

55 3935 151 3992 ecrit:
178 3933 253 3993 (loli.
281 3937 344 3995 citt.
390 3941 468 4008 188)
496 3957 570 4010 occ,
614 3936 734 3996 Helmst.
755 3937 819 3997 Bal.
1023 3945 1026 3949 ’

54 4019 187 4077 seculum
204 4020 360 4098 relinquat
375 4033 407 4080 et
423 4025 454 4081 in
468 4041 570 4082 mona·
656 4022 689 4082 C.
703 4021 876 4082 LXXXVII.
898 4026 970 4092 191)
987 4025 1124 4082 inuitum:
1229 4040 1232 4045 ·

52 4105 149 4161 sterno
165 4106 337 4180 poem'teot:
357 4106 395 4167 ib.
518 4146 522 4152 -
612 4105 680 4167 add.
718 4109 793 4186 orig.
842 4110 914 4181 192)
946 4109 1125 4183 promereti.-

99 4187 135 4245 C.
158 4185 303 4250 LXXXV.
338 4195 411 4266 189)
439 4212 570 4253 ueneno:
613 4193 653 4253 ih.
698 4192 771 4266 193)
792 4192 1015 4252 cuneumve
1038 4208 1125 4251 cm-

52 4272 143 4333 Trev.
163 4270 248 4330 Goth.
615 4279 710 4337 ecrit:
727 4277 767 4337 ib.
1065 4326 1068 4331 .
