2594 4898
379 370 457 463 cap.
477 372 886 438 coauxix-cocuxxr.
1098 382 1170 446 sus

99 542 214 606 borare
233 540 392 620 studeant,
410 549 447 605 ut
464 543 676 622 perniciosam
690 551 723 607 et
740 566 760 606 a
777 544 905 609 diabolo
922 547 1084 612 inventam
1102 571 1171 614 sor·

98 629 237 728 tilegam'
252 650 284 706 et
305 641 482 707 maleficam
505 652 605 708 artem
627 648 749 729 penitus
772 668 814 710 ex
837 647 996 727 parochiis
1018 652 1083 713 suis
1101 673 1170 715 era-

98 746 279 830 dant⁷⁰⁵)‚
307 751 341 807 et
362 746 389 807 si
412 745 548 825 aliquem
569 748 673 810 virum
697 732 755 811 'aut
776 744 928 813 seminam
952 748 1171 817 huiuscemodi

98 846 230 911 sceleris
252 854 444 911 sectatorem
465 849 644 910 invenerint
664 850 799 929 turpiter
824 851 865 913 de
886 849 1103 933 honestatum,
1129 855 1171 917 de

97 948 258 1031 parochiis
277 950 341 1012 suis
360 951 497 1012 eiiciant.
541 949 598 1013 Ait
616 951 700 1013 enim
716 950 890 1031 Apostolus
898 950 957 1039 †):
984 950 1172 1021 Horetum

92 1061 174 1136 post
189 1071 281 1114 unam
298 1060 334 1114 et
349 1052 518 1116 secondum
535 1051 777 1117 admonitionem
799 1038 922 1133 devitu,
951 1060 1069 1137 aciem,
1095 1064 1173 1144 queis

98 1152 265 1219 aduersus
287 1162 351 1231 est,
378 1161 436 1241 qui
455 1155 608 1218 anamodo·
627 1163 686 1219 eat.
739 1152 892 1219 Subversi
914 1166 1043 1222 suntet
1064 1160 1172 1223 adia·

98 1254 176 1319 bolo
194 1256 280 1335 capti
297 1264 457 1334 tenentur,
485 1258 537 1336 qui
559 1255 711 1320 derelicto
736 1266 881 1321 creatore
903 1278 979 1339 suo,
1005 1282 1027 1323 a
1043 1259 1171 1324 diabolo

100 1356 253 1442 sulii-agia
279 1368 441 1437 quaerunt.
492 1358 535 1420 Et
560 1359 635 1421 ideo
662 1380 682 1421 a
708 1357 764 1421 tali
790 1367 878 1438 peste
904 1360 1051 1424 mundari
1076 1360 1173 1427 debet

99 1467 212 1524 sancta
234 1457 377 1522 ecclesia.
420 1458 502 1522 Illud
526 1462 620 1523 etiam
642 1482 707 1523 non
729 1461 952 1540 omittendum,
973 1462 1055 1542 quod
1074 1485 1171 1543 quae·

100 1564 175 1626 dam
207 1559 382 1624 sceleratae
411 1561 562 1624 mulieres
592 1571 679 1626 retro
709 1570 783 1642 post
812 1570 956 1627 satanam
985 1586 1171 1644 conversae,

101 1665 291 1726 daemonum
307 1662 509 1733 illusionibus
526 1673 559 1728 et
575 1663 847 1745 phantasmatibus
864 1666 1023 1746 seductae,
1041 1669 1174 1731 credunt

101 1787 135 1829 se
164 1774 200 1828 et
224 1763 413 1843 profitentur
438 1768 602 1831 nocturnis
631 1764 718 1830 horis
744 1789 821 1831 cum
845 1765 952 1831 Diana
976 1788 1173 1852 paganorum

101 1866 175 1931 Dea
188 1871 260 1942 ⁷⁰⁶)
284 1876 318 1930 et
338 1870 504 1933 innumera
521 1856 721 1932 multitudine
738 1867 903 1933 muliorum
921 1871 1062 1949 equitare
1079 1891 1174 1950 super

100 1968 255 2052 quasdam
272 1969 407 2048 bestias,
433 1978 466 2034 et
483 1969 582 2034 multa
598 1981 754 2033 terrarum
767 1970 876 2051 spatia
890 1964 1099 2052 intempestae
1116 1994 1174 2036 no-

99 2075 161 2136 ctis
179 2070 306 2135 silentio
328 2074 534 2151 pertransire,
563 2075 690 2151 eiusque
712 2071 905 2136 iussionibus
921 2072 1009 2137 velut
1026 2075 1174 2137 dominae

99 2174 252 2253 obedire,
275 2181 308 2237 et
325 2175 420 2237 certis
438 2166 584 2238 noctibus
602 2175 641 2237 ad
660 2176 727 2245 eius
744 2176 909 2237 servitium
927 2177 1064 2238 evocari.
1109 2173 1174 2237 Sed

97 2278 225 2340 utinam
246 2274 307 2338 hae
328 2274 416 2339 solae
438 2278 470 2338 in
487 2273 622 2356 perfidia
638 2277 883 2354 suaperissent,
912 2283 945 2338 et
970 2297 1034 2340 non
1055 2272 1174 2338 multos

98 2398 212 2443 secum
231 2379 265 2439 in
286 2376 485 2441 infidelitatis
507 2379 669 2441 interitum
691 2378 932 2456 pertraxissent.
974 2375 1059 2440 Nam
1079 2378 1173 2439 inun-

97 2501 191 2543 mera
212 2477 379 2543 multitudo
402 2478 464 2543 lrac
484 2479 566 2543 falsa
588 2480 737 2560 opinione
759 2480 890 2559 decepta
913 2478 992 2543 lraec
1008 2500 1086 2542 vera
1102 2498 1174 2541 esse

99 2582 218 2660 credit,
238 2591 270 2644 et
287 2582 444 2645 credendo
463 2604 483 2645 a
499 2592 587 2645 recta
604 2580 668 2645 fide
686 2582 802 2660 deviat,
821 2583 903 2645 etin
922 2602 1062 2643 errorem
1077 2600 1174 2664 paga·

99 2705 217 2748 norum
233 2682 417 2764 revolvitur,
442 2705 512 2748 cum
529 2682 648 2764 aliquid
665 2684 839 2747 divinitatis
857 2694 912 2746 aut
928 2685 1062 2746 numinis
1081 2690 1175 2746 extra

98 2802 201 2850 unum
227 2783 332 2851 lleum
358 2808 429 2851 esse
457 2785 638 2851 arbitratur.
684 2782 886 2867 Quapropter
911 2785 1093 2850 sacerdotes
1119 2806 1177 2865 per

101 2886 258 2952 ecclesias
275 2887 336 2951 sibi
354 2890 536 2959 commissas
553 2887 671 2969 populo
689 2891 776 2953 omni
788 2891 860 2973 101)
881 2889 1033 2951 instantia
1049 2886 1177 2967 praedi·

101 3011 179 3055 care
196 2988 324 3070 debent,
341 2997 378 3053 ut
394 2991 541 3055 noverint
558 2989 637 3054 lraec
653 2992 842 3055 omnimodis
859 2989 942 3053 falsa
960 3011 1042 3069 esse,
1061 2997 1093 3051 et
1110 3009 1174 3051 non

98 3116 123 3177 a
141 3091 267 3173 divino,
290 3092 349 3171 sed
365 3114 386 3156 e
401 3090 540 3177 maligno
558 3094 668 3173 spiritu
685 3090 765 3155 talia
782 3091 1003 3172 phantasmata
1019 3090 1175 3153 mentibus

99 3190 282 3259 infidelium
298 3196 449 3279 irrogari,
476 3194 630 3275 siquidem
647 3196 715 3275 ipse
733 3201 877 3271 satanas,
901 3194 954 3273 qui
971 3190 1177 3273 transfigurat

100 3318 141 3362 ιο
158 3297 193 3359 iu
211 3292 358 3381 angelum
374 3294 467 3375 lucis,
495 3288 566 3360 cum
588 3302 725 3359 mentem
744 3296 955 3373 cuiuscunque
972 3286 1178 3355 mulierculae

103 3399 242 3479 ceperit,
278 3400 311 3462 et
338 3398 421 3462 hanc
447 3398 510 3463 sibi
536 3421 592 3480 per
620 3394 840 3460 infidelitatem
867 3403 901 3458 et
924 3390 1177 3457 incredulitatem

103 3500 335 3583 subiugaverit,
361 3498 448 3564 illico
471 3501 676 3565 transformat
698 3520 732 3563 se
754 3500 786 3561 in
809 3497 1004 3561 diversarum
1024 3513 1177 3573 persona·

102 3623 175 3666 rum
194 3604 316 3682 species
334 3611 427 3684 atque
445 3602 678 3683 similitudines,
698 3610 730 3665 et
742 3608 892 3676 urentem,
910 3618 1003 3677 quam
1021 3598 1177 3676 captivam

105 3942 198 3977 anum
208 3928 279 3977 dedit
287 3931 436 3980 Burchardo
445 3932 509 3979 illud
518 3931 669 3992 Reginonis:
693 3930 765 3977 Unde
774 3942 863 3990 supra,
876 3927 947 3987 ‚quod
956 3926 1057 3986 quidem
1067 3924 1100 3973 sd
1108 3926 1177 3973 flou·

105 3998 199 4046 cilium
206 3999 386 4062 Ancprunum,
399 4001 427 4048 in
436 4000 599 4062 praecedeuti
609 3999 694 4060 capite
706 3999 816 4047 citatum
823 3997 989 4046 referendum
998 4009 1055 4044 esse
1063 3996 1179 4055 putabat.

174 4135 178 4141 '
213 4128 243 4185 †)
262 4128 311 4174 Tit.
325 4142 345 4173 o.
359 4132 380 4173 ³.
394 4142 417 4174 v.
431 4134 464 4176 ro.
478 4134 510 4173 11.

152 4252 187 4311 C.
217 4250 395 4313 ccclxxi.
424 4246 497 4327 705)
525 4256 625 4313 crudi·
666 4227 856 4312 Heronem.-
876 4248 944 4308 add.
960 4247 999 4305 ils.

107 4348 196 4399 cent.-
215 4337 290 4398 Coll.
309 4339 371 4399 citt.
404 4343 479 4413 ⁷06>
498 4341 548 4398 cel
562 4357 627 4398 eum

905 4432 967 4496 23¹·
