2594 4898
477 343 554 422 Cup.
575 341 711 405 1v-v.
1060 346 1131 410 noo

144 515 177 580 3.
226 512 287 575 Est
314 509 447 592 aliquis,
475 514 528 591 qui
554 512 774 594 presbyterum
800 520 855 576 aut
881 515 1050 578 diaconum
1076 526 1130 580 aut

57 616 194 696 aliquem
223 613 409 678 clericomm
437 615 602 693 occiderit,
634 613 687 677 vel
709 614 812 693 aliquo
835 616 978 679 membro
1002 618 1129 681 detrun-

58 717 198 783 caveritl

142 828 175 883 4.
219 819 278 882 Est
294 818 408 897 aliquis
426 818 479 882 vel
498 819 620 899 aliqua,
644 822 696 899 qui
718 820 871 883 infantem
894 824 1056 901 proprium
1074 845 1128 905 op-

56 924 225 1002 presserit,
254 919 303 983 vel
333 923 591 984 vestimentorum
610 922 749 1001 pondere
768 923 992 987 suffocaveritl
1025 925 1083 1004 Et,
1101 929 1129 988 si

55 1025 119 1088 hoo
135 1025 254 1087 factum
272 1031 341 1100 est,
368 1031 443 1086 ante
464 1022 654 1102 baptismum
677 1031 733 1087 aut
749 1036 821 1106 post
838 1025 1042 1105 baptismum,
1061 1036 1128 1106 ant,

56 1129 82 1190 si
107 1126 212 1189 infans
235 1123 413 1188 infirmatus
434 1147 492 1204 per
514 1124 741 1210 negligentiam
761 1130 904 1206 parentis
931 1122 1050 1208 absquo
1074 1129 1129 1192 ba·

55 1232 172 1308 ptismo
191 1227 325 1292 obierit?

95 1352 99 1361 ·
144 1335 176 1393 5.
222 1330 281 1392 Est
299 1329 410 1410 aliquis
427 1328 479 1393 vel
501 1327 622 1410 aliqua,
645 1332 698 1410 qui
719 1329 849 1394 alterius
866 1340 991 1410 partum
1013 1353 1128 1395 excus-

56 1437 145 1510 serit,
169 1431 231 1511 vel,
249 1435 278 1495 si
294 1435 364 1512 ipsa
380 1432 500 1495 femina
516 1435 642 1513 propria
658 1431 823 1495 voluntate
841 1453 931 1496 suum
944 1439 1125 1513 parumn)

57 1536 251 1614 excusserit,
270 1543 302 1597 et
320 1534 501 1597 abortivum
518 1533 651 1597 leceritl

141 1642 174 1700 6.
210 1636 269 1700 Est
286 1635 392 1717 aliqua
408 1637 539 1715 semina,
559 1658 638 1715 quae
656 1639 688 1700 in
706 1637 916 1701 fornicatione
935 1642 1125 1719 concipiens,

56 1743 188 1818 timens,
206 1761 247 1802 ne
265 1739 531 1817 manifestaretur,
550 1739 704 1803 infantem
717 1744 875 1820 proprium
890 1751 945 1803 aut
961 1744 994 1803 in
1012 1761 1125 1821 aquam

55 1845 240 1921 proiecerit,
260 1843 365 1904 autin
382 1849 468 1904 terra
487 1839 709 1920 occultaverit,
728 1843 812 1921 quod
829 1842 933 1906 morth
953 1843 1078 1907 dicuntl

142 1947 173 2006 7.
216 1943 276 2006 Est
302 1942 435 2023 aliquis,
472 1945 524 2022 qui
554 1964 686 2006 uxorem
712 1966 801 2008 suam
827 1944 947 2024 absque
974 1945 1045 2030 lege
1072 1956 1126 2008 aut

56 2053 142 2111 certa
159 2045 347 2126 probatione
364 2042 583 2109 interfeceritl

141 2153 172 2210 8.
219 2147 278 2210 Est
296 2148 402 2228 aliqua
419 2148 553 2225 femina,
582 2169 662 2227 quae
683 2150 787 2211 virum
809 2170 899 2211 suum
917 2148 969 2212 vel
987 2149 1123 2229 aliquem

10 2316 15 2325 ,
56 2251 216 2314 homiuem
233 2272 291 2329 per
313 2249 429 2314 herbas
450 2258 624 2313 venenatas
646 2248 697 2311 vel
714 2250 895 2313 mortiferas
912 2254 1057 2331 potiones
1075 2256 1125 2314 in-

56 2354 233 2430 terfecerit,
252 2351 302 2415 vel
322 2351 418 2416 alium
435 2352 496 2415 hoc
513 2352 620 2414 iacere
638 2350 799 2415 docueritl

139 2461 172 2518 9.
216 2454 275 2518 Est
296 2453 408 2535 aliquis
429 2453 483 2517 vel
506 2454 627 2533 aliqua,
655 2456 708 2532 qui
726 2454 786 2517 hoc
803 2455 931 2532 fecerit,
958 2454 1007 2517 vel
1027 2453 1123 2518 alium

56 2558 163 2621 facere
196 2557 352 2637 docuerit,
386 2563 423 2620 ut
447 2558 499 2619 vir
527 2578 591 2619 non
617 2558 720 2635 possit
746 2578 900 2642 generare
926 2566 981 2620 aut
1005 2558 1124 2621 femina

55 2657 240 2738 conciperet

140 2767 193 2824 10.
237 2760 297 2824 Est
315 2760 444 2840 aliquis,
464 2763 524 2840 'qui
544 2763 704 2841 proprium
726 2783 852 2825 servum
873 2769 968 2826 extra
988 2762 1124 2826 iudicem

56 2864 221 2942 occiderit,
247 2872 281 2926 et
302 2862 407 2943 aliqua
428 2863 562 2942 semina,
592 2884 673 2942 quae
690 2862 836 2927 ancillam
854 2867 1013 2945 propriam
1030 2887 1124 2929 neca·

9 2976 13 3057 j
56 2969 137 3030 ierit
153 2964 263 3031 furore
282 2965 343 3028 zeli
360 2962 572 3029 inflammatal

139 3073 192 3130 11.
235 3067 296 3131 Est
317 3065 446 3148 aliquis,
470 3068 523 3146 qui
545 3066 674 3131 diabolo
696 3068 878 3149 impellente
901 3079 1002 3133 semet
1021 3071 1126 3149 ipsum

58 3168 225 3235 occideriti

9 3278 14 3291 '
53 3287 56 3296 ·
138 3272 257 3348 121³).
302 3269 398 3349 Si¹²)
417 3274 449 3335 in
477 3271 561 3336 bello
589 3270 701 3351 aliquis
719 3272 867 3335 'homines
895 3272 1121 3351 vulneraverit,

9 3370 16 3394 “’
57 3383 86 3438 et
111 3376 231 3452 nescit,
258 3375 286 3435 si
315 3375 354 3437 de
371 3373 427 3437 illo
445 3373 580 3437 vulnere
604 3373 716 3453 aliquis
742 3376 888 3452 perierit,
916 3382 963 3451 et,
982 3375 1009 3435 si
1028 3373 1122 3435 alicui

57 3478 243 3557 imputatur,
263 3475 345 3555 quod
363 3474 524 3539 hominem
543 3476 708 3554 occiderit,
728 3478 846 3554 etipse
864 3474 924 3537 hoc
943 3472 1096 3557 denegati
1220 3542 1223 3549 ¹

138 3583 192 3642 13.
236 3576 272 3640 Si
289 3576 400 3658 aliquis
417 3587 467 3642 est
487 3581 520 3642 in
543 3576 693 3655 consilio,
720 3585 757 3640 ut
781 3576 875 3639 homo
902 3573 1122 3654 interficiatur,

59 3689 87 3744 et
103 3703 167 3744 nou
186 3683 285 3742 estin
303 3681 406 3759 facto,
430 3687 463 3743 et
484 3689 591 3744 tamen
609 3702 666 3759 per
683 3682 750 3743 eius
769 3679 933 3745 consilium
952 3686 984 3741 et
1007 3678 1123 3742 exhor·

8 3792 23 3825 ⁶
57 3785 205 3846 tationem
221 3783 408 3847 interiectus
426 3780 491 3846 esti

96 4041 124 4117 §-
155 4046 186 4102 5.
221 4018 279 4123 1'1)
302 4041 352 4100 vel
381 4051 568 4119 conceptum.-
613 4060 668 4120 que
692 4040 720 4097 iu
744 4038 929 4120 sequentibus
952 4058 1066 4119 semper
1084 4059 1122 4100 un

8 4155 27 4194 ῃ
60 4123 121 4185 add.
142 4125 252 4185 Burclr.
612 4145 664 4204 pro
682 4127 712 4184 ri
726 4128 831 4203 posuit.

659 4213 708 4286 13)
727 4213 750 4284 ᾗ.
772 4216 821 4273 12.
843 4215 890 4271 13.
910 4208 972 4269 «les.
992 4211 1019 4266 in
1038 4208 1122 4266 Trev.

94 4296 123 4371 ξ.
143 4302 194 4360 12.
220 4294 459 4370 12)An:flitd.,
480 4294 570 4355 ilenr-
615 4295 699 4354 Goth.
1054 4301 1057 4305 ’

812 4396 910 4473 ,14
