<?xml version="1.0" encoding="UTF-8"?>
<!DOCTYPE html PUBLIC "-//W3C//DTD XHTML 1.0 Transitional//EN"
    "http://www.w3.org/TR/xhtml1/DTD/xhtml1-transitional.dtd">
<html xmlns="http://www.w3.org/1999/xhtml" xml:lang="en" lang="en">
 <head>
  <title>
</title>
<meta http-equiv="Content-Type" content="text/html;charset=utf-8" />
  <meta name='ocr-system' content='tesseract 3.04.00' />
  <meta name='ocr-capabilities' content='ocr_page ocr_carea ocr_par ocr_line ocrx_word'/>
</head>
<body>
  <div class='ocr_page' id='page_1' title='image "./reginonisabbati00wassgoog_0136.png"; bbox 0 0 2580 4890; ppageno 0'>
   <div class='ocr_carea' id='block_1_1' title="bbox 350 305 1116 387">
    <p class='ocr_par' dir='ltr' id='par_1_1' title="bbox 350 305 1116 387">
     <span class='ocr_line' id='line_1_1' title="bbox 350 305 1116 387; baseline 0.009 -21"><span class='ocrx_word' id='word_1_1' title='bbox 350 308 428 387; x_wconf 73' lang='lat' dir='ltr'><strong>cap.</strong></span> <span class='ocrx_word' id='word_1_2' title='bbox 449 305 619 369; x_wconf 79' lang='lat' dir='ltr'><strong>ouxxxur</strong></span> <span class='ocrx_word' id='word_1_3' title='bbox 632 307 810 369; x_wconf 77' lang='lat' dir='ltr'><strong>-cxont</strong></span> <span class='ocrx_word' id='word_1_4' title='bbox 1068 312 1116 376; x_wconf 86' lang='lat' dir='ltr'><strong>oo</strong></span> 
     </span>
    </p>
   </div>
   <div class='ocr_carea' id='block_1_2' title="bbox 28 467 1215 1582">
    <p class='ocr_par' dir='ltr' id='par_1_2' title="bbox 28 467 1215 1582">
     <span class='ocr_line' id='line_1_2' title="bbox 39 467 1114 558; baseline 0.002 -17"><span class='ocrx_word' id='word_1_5' title='bbox 39 467 170 542; x_wconf 89' lang='lat' dir='ltr'><strong>monem</strong></span> <span class='ocrx_word' id='word_1_6' title='bbox 187 478 272 539; x_wconf 87' lang='lat' dir='ltr'><strong>intru</strong></span> <span class='ocrx_word' id='word_1_7' title='bbox 287 477 456 540; x_wconf 84' lang='lat' dir='ltr'><strong>missurum</strong></span> <span class='ocrx_word' id='word_1_8' title='bbox 473 476 626 540; x_wconf 83' lang='lat' dir='ltr'><strong>solemnia</strong></span> <span class='ocrx_word' id='word_1_9' title='bbox 644 477 785 542; x_wconf 80' lang='lat' dir='ltr'><strong>habiturn</strong></span> <span class='ocrx_word' id='word_1_10' title='bbox 803 478 844 542; x_wconf 83' lang='lat' dir='ltr'><strong>od</strong></span> <span class='ocrx_word' id='word_1_11' title='bbox 856 476 993 558; x_wconf 80' lang='lat' dir='ltr'>plebem,</span> <span class='ocrx_word' id='word_1_12' title='bbox 1011 501 1114 544; x_wconf 82' lang='lat' dir='ltr'><strong>sacer-</strong></span> 
     </span>
     <span class='ocr_line' id='line_1_3' title="bbox 41 579 1112 658; baseline 0.003 -15"><span class='ocrx_word' id='word_1_13' title='bbox 41 581 99 644; x_wconf 84' lang='lat' dir='ltr'><strong>dos</strong></span> <span class='ocrx_word' id='word_1_14' title='bbox 123 579 311 656; x_wconf 80' lang='lat' dir='ltr'><strong>admoneat,</strong></span> <span class='ocrx_word' id='word_1_15' title='bbox 342 585 377 641; x_wconf 87' lang='lat' dir='ltr'><strong>ut</strong></span> <span class='ocrx_word' id='word_1_16' title='bbox 399 579 492 640; x_wconf 84' lang='lat' dir='ltr'><strong>iuxta</strong></span> <span class='ocrx_word' id='word_1_17' title='bbox 514 579 721 657; x_wconf 82' lang='lat' dir='ltr'><strong>apostolicam</strong></span> <span class='ocrx_word' id='word_1_18' title='bbox 743 582 973 658; x_wconf 79' lang='lat' dir='ltr'><strong>institutionem</strong></span> <span class='ocrx_word' id='word_1_19' title='bbox 995 585 1112 646; x_wconf 84' lang='lat' dir='ltr'><strong>oratio-</strong></span> 
     </span>
     <span class='ocr_line' id='line_1_4' title="bbox 39 680 1112 759; baseline 0.003 -14"><span class='ocrx_word' id='word_1_20' title='bbox 39 705 114 745; x_wconf 89' lang='lat' dir='ltr'><strong>nem</strong></span> <span class='ocrx_word' id='word_1_21' title='bbox 134 702 243 744; x_wconf 89' lang='lat' dir='ltr'><strong>omnes</strong></span> <span class='ocrx_word' id='word_1_22' title='bbox 260 681 293 742; x_wconf 92' lang='lat' dir='ltr'><strong>in</strong></span> <span class='ocrx_word' id='word_1_23' title='bbox 312 700 477 742; x_wconf 91' lang='lat' dir='ltr'><strong>commune</strong></span> <span class='ocrx_word' id='word_1_24' title='bbox 494 701 551 759; x_wconf 95' lang='lat' dir='ltr'><strong>pro</strong></span> <span class='ocrx_word' id='word_1_25' title='bbox 570 680 701 744; x_wconf 88' lang='lat' dir='ltr'><strong>diversis</strong></span> <span class='ocrx_word' id='word_1_26' title='bbox 719 683 960 745; x_wconf 84' lang='lat' dir='ltr'><strong>necessitatibus</strong></span> <span class='ocrx_word' id='word_1_27' title='bbox 978 684 1112 748; x_wconf 85' lang='lat' dir='ltr'><strong>fundunt</strong></span> 
     </span>
     <span class='ocr_line' id='line_1_5' title="bbox 38 775 1215 868; baseline 0.003 -21"><span class='ocrx_word' id='word_1_28' title='bbox 38 784 80 847; x_wconf 81' lang='lat' dir='ltr'><strong>ad</strong></span> <span class='ocrx_word' id='word_1_29' title='bbox 109 781 283 846; x_wconf 89' lang='lat' dir='ltr'><strong>Dominum</strong></span> <span class='ocrx_word' id='word_1_30' title='bbox 309 802 365 861; x_wconf 91' lang='lat' dir='ltr'><strong>pro</strong></span> <span class='ocrx_word' id='word_1_31' title='bbox 393 781 520 865; x_wconf 82' lang='lat' dir='ltr'><strong>regibus</strong></span> <span class='ocrx_word' id='word_1_32' title='bbox 547 789 579 844; x_wconf 90' lang='lat' dir='ltr'><strong>et</strong></span> <span class='ocrx_word' id='word_1_33' title='bbox 604 783 782 847; x_wconf 88' lang='lat' dir='ltr'><strong>rectoribus</strong></span> <span class='ocrx_word' id='word_1_34' title='bbox 809 783 1033 865; x_wconf 83' lang='lat' dir='ltr'><strong>ecclesiarum,</strong></span> <span class='ocrx_word' id='word_1_35' title='bbox 1056 808 1110 868; x_wconf 89' lang='lat' dir='ltr'><strong>pro</strong></span> <span class='ocrx_word' id='word_1_36' title='bbox 1208 775 1215 794; x_wconf 68' lang='lat'><strong><em>¹</em></strong></span> 
     </span>
     <span class='ocr_line' id='line_1_6' title="bbox 37 880 1110 967; baseline 0.004 -19"><span class='ocrx_word' id='word_1_37' title='bbox 37 907 135 967; x_wconf 84' lang='lat' dir='ltr'><strong>pace,</strong></span> <span class='ocrx_word' id='word_1_38' title='bbox 163 905 220 965; x_wconf 91' lang='lat' dir='ltr'><strong>pro</strong></span> <span class='ocrx_word' id='word_1_39' title='bbox 246 880 351 964; x_wconf 82' lang='lat' dir='ltr'><strong>peste&#39;,</strong></span> <span class='ocrx_word' id='word_1_40' title='bbox 378 904 436 963; x_wconf 92' lang='lat' dir='ltr'><strong>pro</strong></span> <span class='ocrx_word' id='word_1_41' title='bbox 461 881 612 964; x_wconf 75' lang='lat' dir='ltr'><strong>infirmiS,</strong></span> <span class='ocrx_word' id='word_1_42' title='bbox 639 887 692 964; x_wconf 91' lang='lat' dir='ltr'><strong>qui</strong></span> <span class='ocrx_word' id='word_1_43' title='bbox 713 888 746 948; x_wconf 91' lang='lat' dir='ltr'><strong>in</strong></span> <span class='ocrx_word' id='word_1_44' title='bbox 768 887 838 966; x_wconf 84' lang='lat' dir='ltr'><strong>ipsa</strong></span> <span class='ocrx_word' id='word_1_45' title='bbox 858 889 1009 966; x_wconf 87' lang='lat' dir='ltr'><strong>parochia</strong></span> <span class='ocrx_word' id='word_1_46' title='bbox 1026 887 1110 952; x_wconf 90' lang='lat' dir='ltr'><strong>lecto</strong></span> 
     </span>
     <span class='ocr_line' id='line_1_7' title="bbox 38 986 1111 1073; baseline 0.003 -22"><span class='ocrx_word' id='word_1_47' title='bbox 38 987 249 1066; x_wconf 90' lang='lat' dir='ltr'><strong>decumbunt,</strong></span> <span class='ocrx_word' id='word_1_48' title='bbox 276 1007 334 1066; x_wconf 89' lang='lat' dir='ltr'><strong>pro</strong></span> <span class='ocrx_word' id='word_1_49' title='bbox 352 1007 452 1065; x_wconf 85' lang='lat' dir='ltr'><strong>nuper</strong></span> <span class='ocrx_word' id='word_1_50' title='bbox 469 986 641 1065; x_wconf 85' lang='lat' dir='ltr'><strong>defunctis,</strong></span> <span class='ocrx_word' id='word_1_51' title='bbox 659 990 692 1050; x_wconf 94' lang='lat' dir='ltr'><strong>in</strong></span> <span class='ocrx_word' id='word_1_52' title='bbox 711 988 820 1068; x_wconf 88' lang='lat' dir='ltr'><strong>quibus</strong></span> <span class='ocrx_word' id='word_1_53' title='bbox 839 988 1025 1073; x_wconf 81' lang='lat' dir='ltr'><strong>singillatim</strong></span> <span class='ocrx_word' id='word_1_54' title='bbox 1041 1014 1111 1071; x_wconf 93' lang='lat' dir='ltr'><strong>pre·</strong></span> 
     </span>
     <span class='ocr_line' id='line_1_8' title="bbox 38 1087 1110 1171; baseline 0.004 -18"><span class='ocrx_word' id='word_1_55' title='bbox 38 1089 129 1153; x_wconf 91' lang='lat' dir='ltr'><strong>cibus</strong></span> <span class='ocrx_word' id='word_1_56' title='bbox 148 1087 240 1168; x_wconf 88' lang='lat' dir='ltr'><strong>plebs</strong></span> <span class='ocrx_word' id='word_1_57' title='bbox 260 1089 436 1151; x_wconf 80' lang='lat' dir='ltr'><strong>orationem</strong></span> <span class='ocrx_word' id='word_1_58' title='bbox 455 1088 644 1151; x_wconf 81' lang='lat' dir='ltr'><strong>dominicum</strong></span> <span class='ocrx_word' id='word_1_59' title='bbox 661 1090 717 1152; x_wconf 89' lang='lat' dir='ltr'><strong>sub</strong></span> <span class='ocrx_word' id='word_1_60' title='bbox 737 1090 865 1154; x_wconf 88' lang='lat' dir='ltr'><strong>silentio</strong></span> <span class='ocrx_word' id='word_1_61' title='bbox 884 1093 983 1171; x_wconf 89' lang='lat' dir='ltr'><strong>dicat,</strong></span> <span class='ocrx_word' id='word_1_62' title='bbox 1006 1114 1110 1157; x_wconf 83' lang='lat' dir='ltr'><strong>sacer-</strong></span> 
     </span>
     <span class='ocr_line' id='line_1_9' title="bbox 38 1189 1110 1276; baseline 0.001 -21"><span class='ocrx_word' id='word_1_63' title='bbox 38 1193 98 1255; x_wconf 89' lang='lat' dir='ltr'><strong>dos</strong></span> <span class='ocrx_word' id='word_1_64' title='bbox 116 1212 195 1254; x_wconf 91' lang='lat' dir='ltr'><strong>vero</strong></span> <span class='ocrx_word' id='word_1_65' title='bbox 214 1192 372 1254; x_wconf 80' lang='lat' dir='ltr'><strong>orationes</strong></span> <span class='ocrx_word' id='word_1_66' title='bbox 391 1189 432 1252; x_wconf 87' lang='lat' dir='ltr'><strong>ad</strong></span> <span class='ocrx_word' id='word_1_67' title='bbox 450 1189 510 1252; x_wconf 89' lang='lat' dir='ltr'><strong>hoc</strong></span> <span class='ocrx_word' id='word_1_68' title='bbox 527 1193 720 1269; x_wconf 78' lang='lat' dir='ltr'><strong>pertinentes</strong></span> <span class='ocrx_word' id='word_1_69' title='bbox 737 1215 793 1271; x_wconf 88' lang='lat' dir='ltr'><strong>per</strong></span> <span class='ocrx_word' id='word_1_70' title='bbox 810 1192 950 1276; x_wconf 86' lang='lat' dir='ltr'><strong>singulas</strong></span> <span class='ocrx_word' id='word_1_71' title='bbox 968 1195 1110 1258; x_wconf 84' lang='lat' dir='ltr'><strong>admoni-</strong></span> 
     </span>
     <span class='ocr_line' id='line_1_10' title="bbox 37 1290 1110 1371; baseline 0.003 -15"><span class='ocrx_word' id='word_1_72' title='bbox 37 1295 143 1357; x_wconf 84' lang='lat' dir='ltr'><strong>tiones</strong></span> <span class='ocrx_word' id='word_1_73' title='bbox 177 1291 362 1355; x_wconf 90' lang='lat' dir='ltr'><strong>solemniter</strong></span> <span class='ocrx_word' id='word_1_74' title='bbox 396 1290 532 1371; x_wconf 84' lang='lat' dir='ltr'><strong>expleat.</strong></span> <span class='ocrx_word' id='word_1_75' title='bbox 584 1292 663 1356; x_wconf 89' lang='lat' dir='ltr'><strong>Post</strong></span> <span class='ocrx_word' id='word_1_76' title='bbox 696 1294 775 1356; x_wconf 81' lang='lat' dir='ltr'><strong>haec</strong></span> <span class='ocrx_word' id='word_1_77' title='bbox 810 1316 916 1358; x_wconf 84' lang='lat' dir='ltr'><strong>sacra.</strong></span> <span class='ocrx_word' id='word_1_78' title='bbox 931 1293 1110 1359; x_wconf 85' lang='lat' dir='ltr'><strong>celebretur</strong></span> 
     </span>
     <span class='ocr_line' id='line_1_11' title="bbox 38 1393 1108 1481; baseline 0.002 -23"><span class='ocrx_word' id='word_1_79' title='bbox 38 1393 171 1458; x_wconf 84' lang='lat' dir='ltr'><strong>oblatio.</strong></span> <span class='ocrx_word' id='word_1_80' title='bbox 216 1393 272 1458; x_wconf 87' lang='lat' dir='ltr'><strong>Ait</strong></span> <span class='ocrx_word' id='word_1_81' title='bbox 289 1395 374 1457; x_wconf 88' lang='lat' dir='ltr'><strong>euim</strong></span> <span class='ocrx_word' id='word_1_82' title='bbox 393 1393 564 1473; x_wconf 85' lang='lat' dir='ltr'><strong>Apostolus</strong></span> <span class='ocrx_word' id='word_1_83' title='bbox 575 1395 628 1479; x_wconf 88' lang='lat'><strong>†):</strong></span> <span class='ocrx_word' id='word_1_84' title='bbox 667 1395 801 1460; x_wconf 81' lang='lat' dir='ltr'><strong>Obsecro</strong></span> <span class='ocrx_word' id='word_1_85' title='bbox 815 1405 952 1481; x_wconf 80' lang='lat' dir='ltr'><strong>prinam</strong></span> <span class='ocrx_word' id='word_1_86' title='bbox 976 1406 1108 1462; x_wconf 81' lang='lat' dir='ltr'><strong>onsniam</strong></span> 
     </span>
     <span class='ocr_line' id='line_1_12' title="bbox 28 1495 1007 1582; baseline 0 -20"><span class='ocrx_word' id='word_1_87' title='bbox 28 1497 116 1576; x_wconf 79' lang='lat' dir='ltr'><strong>fieri</strong></span> <span class='ocrx_word' id='word_1_88' title='bbox 132 1503 307 1574; x_wconf 84' lang='lat' dir='ltr'><strong>orationes,</strong></span> <span class='ocrx_word' id='word_1_89' title='bbox 327 1495 571 1574; x_wconf 73' lang='lat' dir='ltr'><strong>obsecrationes,</strong></span> <span class='ocrx_word' id='word_1_90' title='bbox 587 1506 769 1582; x_wconf 83' lang='lat' dir='ltr'><strong>gratiaram</strong></span> <span class='ocrx_word' id='word_1_91' title='bbox 787 1507 929 1564; x_wconf 85' lang='lat' dir='ltr'><strong>actiones</strong></span> <span class='ocrx_word' id='word_1_92' title='bbox 947 1508 1007 1564; x_wconf 89' lang='lat' dir='ltr'><strong>etc.</strong></span> 
     </span>
    </p>
   </div>
   <div class='ocr_carea' id='block_1_3' title="bbox 115 1699 1166 1870">
    <p class='ocr_par' dir='ltr' id='par_1_3' title="bbox 115 1699 1166 1870">
     <span class='ocr_line' id='line_1_13' title="bbox 115 1699 1166 1798; baseline -0.004 -33"><span class='ocrx_word' id='word_1_93' title='bbox 115 1699 154 1766; x_wconf 90' lang='lat' dir='ltr'><strong>C.</strong></span> <span class='ocrx_word' id='word_1_94' title='bbox 175 1699 334 1798; x_wconf 62' lang='lat' dir='ltr'><strong>cxcllt.</strong></span> <span class='ocrx_word' id='word_1_95' title='bbox 377 1701 424 1766; x_wconf 87' lang='lat' dir='ltr'><strong>Ut</strong></span> <span class='ocrx_word' id='word_1_96' title='bbox 443 1706 547 1767; x_wconf 83' lang='lat' dir='ltr'><strong>nullas</strong></span> <span class='ocrx_word' id='word_1_97' title='bbox 560 1703 726 1787; x_wconf 74' lang='lat' dir='ltr'><strong>presbyter</strong></span> <span class='ocrx_word' id='word_1_98' title='bbox 743 1708 828 1768; x_wconf 73' lang='lat' dir='ltr'><strong>solers</strong></span> <span class='ocrx_word' id='word_1_99' title='bbox 844 1714 1032 1787; x_wconf 82' lang='lat' dir='ltr'><strong>praesumat</strong></span> <span class='ocrx_word' id='word_1_100' title='bbox 1054 1777 1058 1783; x_wconf 18' lang='lat'>⁵</span> <span class='ocrx_word' id='word_1_101' title='bbox 1117 1718 1166 1762; x_wconf 80' lang='lat' dir='ltr'><strong>rou</strong></span> 
     </span>
     <span class='ocr_line' id='line_1_14' title="bbox 432 1812 718 1870; baseline -0.003 -2"><span class='ocrx_word' id='word_1_102' title='bbox 432 1812 556 1869; x_wconf 84' lang='lat' dir='ltr'><strong>missam</strong></span> <span class='ocrx_word' id='word_1_103' title='bbox 574 1815 718 1870; x_wconf 84' lang='lat' dir='ltr'><strong>cantare.</strong></span> 
     </span>
    </p>
   </div>
   <div class='ocr_carea' id='block_1_4' title="bbox 287 1938 857 2025">
    <p class='ocr_par' dir='ltr' id='par_1_4' title="bbox 287 1938 857 2025">
     <span class='ocr_line' id='line_1_15' title="bbox 287 1938 857 2025; baseline 0 -21"><span class='ocrx_word' id='word_1_104' title='bbox 287 1939 348 2005; x_wconf 87' lang='lat' dir='ltr'><strong>Ex</strong></span> <span class='ocrx_word' id='word_1_105' title='bbox 370 1938 544 2006; x_wconf 85' lang='lat' dir='ltr'><strong>Concilio</strong></span> <span class='ocrx_word' id='word_1_106' title='bbox 566 1939 857 2025; x_wconf 74' lang='lat' dir='ltr'><strong>Nennetensi0).</strong></span> 
     </span>
    </p>
   </div>
   <div class='ocr_carea' id='block_1_5' title="bbox 35 2057 1108 3363">
    <p class='ocr_par' dir='ltr' id='par_1_5' title="bbox 35 2057 1108 3363">
     <span class='ocr_line' id='line_1_16' title="bbox 122 2057 1106 2146; baseline 0.004 -23"><span class='ocrx_word' id='word_1_107' title='bbox 122 2057 281 2123; x_wconf 86' lang='lat' dir='ltr'><strong>Definivit</strong></span> <span class='ocrx_word' id='word_1_108' title='bbox 297 2069 438 2124; x_wconf 83' lang='lat' dir='ltr'><strong>sunctum</strong></span> <span class='ocrx_word' id='word_1_109' title='bbox 462 2061 645 2140; x_wconf 84' lang='lat' dir='ltr'><strong>concilium,</strong></span> <span class='ocrx_word' id='word_1_110' title='bbox 663 2070 699 2125; x_wconf 93' lang='lat' dir='ltr'><strong>ut</strong></span> <span class='ocrx_word' id='word_1_111' title='bbox 716 2061 818 2126; x_wconf 91' lang='lat' dir='ltr'><strong>nullus</strong></span> <span class='ocrx_word' id='word_1_112' title='bbox 836 2062 1002 2146; x_wconf 73' lang='lat' dir='ltr'><strong>presbyter</strong></span> <span class='ocrx_word' id='word_1_113' title='bbox 1018 2062 1106 2128; x_wconf 88' lang='lat' dir='ltr'><strong>solus</strong></span> 
     </span>
     <span class='ocr_line' id='line_1_17' title="bbox 35 2161 1106 2243; baseline 0.003 -17"><span class='ocrx_word' id='word_1_114' title='bbox 35 2169 217 2243; x_wconf 83' lang='lat' dir='ltr'><strong>praesumet</strong></span> <span class='ocrx_word' id='word_1_115' title='bbox 233 2165 361 2227; x_wconf 86' lang='lat' dir='ltr'><strong>missam</strong></span> <span class='ocrx_word' id='word_1_116' title='bbox 379 2170 518 2226; x_wconf 86' lang='lat' dir='ltr'><strong>cantare.</strong></span> <span class='ocrx_word' id='word_1_117' title='bbox 559 2161 618 2226; x_wconf 88' lang='lat' dir='ltr'><strong>Cui</strong></span> <span class='ocrx_word' id='word_1_118' title='bbox 633 2166 717 2226; x_wconf 88' lang='lat' dir='ltr'><strong>enim</strong></span> <span class='ocrx_word' id='word_1_119' title='bbox 731 2164 820 2226; x_wconf 89' lang='lat' dir='ltr'><strong>dicit:</strong></span> <span class='ocrx_word' id='word_1_120' title='bbox 840 2163 994 2229; x_wconf 75' lang='lat' dir='ltr'><strong>Dominus</strong></span> <span class='ocrx_word' id='word_1_121' title='bbox 1005 2166 1106 2229; x_wconf 81' lang='lat' dir='ltr'><strong>cobis·</strong></span> 
     </span>
     <span class='ocr_line' id='line_1_18' title="bbox 37 2263 1107 2348; baseline 0 -19"><span class='ocrx_word' id='word_1_122' title='bbox 37 2287 119 2344; x_wconf 81' lang='lat' dir='ltr'><strong>curn,</strong></span> <span class='ocrx_word' id='word_1_123' title='bbox 139 2274 196 2329; x_wconf 84' lang='lat' dir='ltr'><strong>aut</strong></span> <span class='ocrx_word' id='word_1_124' title='bbox 207 2263 338 2328; x_wconf 77' lang='lat' dir='ltr'><strong>Sarma</strong></span> <span class='ocrx_word' id='word_1_125' title='bbox 356 2266 467 2344; x_wconf 84' lang='lat' dir='ltr'><strong>corda,</strong></span> <span class='ocrx_word' id='word_1_126' title='bbox 499 2273 554 2328; x_wconf 85' lang='lat' dir='ltr'><strong>aut</strong></span> <span class='ocrx_word' id='word_1_127' title='bbox 569 2264 710 2327; x_wconf 74' lang='lat' dir='ltr'><strong>Gratias</strong></span> <span class='ocrx_word' id='word_1_128' title='bbox 733 2287 865 2348; x_wconf 53' lang='lat' dir='ltr'><strong>mamas</strong></span> <span class='ocrx_word' id='word_1_129' title='bbox 882 2264 1018 2329; x_wconf 86' lang='lat' dir='ltr'><strong>Domino</strong></span> <span class='ocrx_word' id='word_1_130' title='bbox 1034 2266 1107 2331; x_wconf 90' lang='lat' dir='ltr'><strong>Deo</strong></span> 
     </span>
     <span class='ocr_line' id='line_1_19' title="bbox 36 2364 1108 2448; baseline 0.002 -18"><span class='ocrx_word' id='word_1_131' title='bbox 36 2378 160 2447; x_wconf 87' lang='lat' dir='ltr'><strong>nostro,</strong></span> <span class='ocrx_word' id='word_1_132' title='bbox 180 2370 251 2431; x_wconf 80' lang='lat' dir='ltr'><strong>cu&#39;m</strong></span> <span class='ocrx_word' id='word_1_133' title='bbox 268 2364 371 2447; x_wconf 84' lang='lat' dir='ltr'><strong>nullus</strong></span> <span class='ocrx_word' id='word_1_134' title='bbox 388 2371 444 2446; x_wconf 89' lang='lat' dir='ltr'><strong>sit,</strong></span> <span class='ocrx_word' id='word_1_135' title='bbox 472 2370 524 2448; x_wconf 91' lang='lat' dir='ltr'><strong>qui</strong></span> <span class='ocrx_word' id='word_1_136' title='bbox 541 2366 748 2447; x_wconf 72' lang='lat' dir='ltr'><strong>respondenti</strong></span> <span class='ocrx_word' id='word_1_137' title='bbox 784 2366 847 2430; x_wconf 83' lang='lat' dir='ltr'><strong>Aut</strong></span> <span class='ocrx_word' id='word_1_138' title='bbox 863 2369 896 2429; x_wconf 94' lang='lat' dir='ltr'><strong>in</strong></span> <span class='ocrx_word' id='word_1_139' title='bbox 915 2387 1048 2431; x_wconf 87' lang='lat' dir='ltr'><strong>canone:</strong></span> <span class='ocrx_word' id='word_1_140' title='bbox 1072 2379 1108 2432; x_wconf 88' lang='lat' dir='ltr'><strong>et</strong></span> 
     </span>
     <span class='ocr_line' id='line_1_20' title="bbox 38 2468 1105 2549; baseline -0.001 -17"><span class='ocrx_word' id='word_1_141' title='bbox 38 2479 170 2535; x_wconf 73' lang='lat' dir='ltr'><strong>omniane</strong></span> <span class='ocrx_word' id='word_1_142' title='bbox 189 2471 512 2548; x_wconf 69' lang='lat' dir='ltr'><strong>circumadstantium,</strong></span> <span class='ocrx_word' id='word_1_143' title='bbox 533 2490 705 2532; x_wconf 91' lang='lat' dir='ltr'><strong>cumnemo</strong></span> <span class='ocrx_word' id='word_1_144' title='bbox 720 2469 824 2549; x_wconf 77' lang='lat' dir='ltr'><strong>adsitl</strong></span> <span class='ocrx_word' id='word_1_145' title='bbox 846 2468 1105 2549; x_wconf 84' lang='lat' dir='ltr'><strong>Autqueminvi-</strong></span> 
     </span>
     <span class='ocr_line' id='line_1_21' title="bbox 37 2557 1105 2652; baseline -0.002 -16"><span class='ocrx_word' id='word_1_146' title='bbox 37 2580 83 2636; x_wconf 83' lang='lat' dir='ltr'><strong>tut</strong></span> <span class='ocrx_word' id='word_1_147' title='bbox 92 2574 134 2636; x_wconf 85' lang='lat' dir='ltr'><strong>ad</strong></span> <span class='ocrx_word' id='word_1_148' title='bbox 144 2573 335 2652; x_wconf 85' lang='lat' dir='ltr'><strong>orationem,</strong></span> <span class='ocrx_word' id='word_1_149' title='bbox 355 2594 425 2635; x_wconf 91' lang='lat' dir='ltr'><strong>cum</strong></span> <span class='ocrx_word' id='word_1_150' title='bbox 435 2564 524 2636; x_wconf 86' lang='lat' dir='ltr'><strong>dicit:</strong></span> <span class='ocrx_word' id='word_1_151' title='bbox 556 2557 700 2650; x_wconf 72' lang='lat' dir='ltr'><strong>Orestas,</strong></span> <span class='ocrx_word' id='word_1_152' title='bbox 721 2595 791 2634; x_wconf 90' lang='lat' dir='ltr'><strong>cum</strong></span> <span class='ocrx_word' id='word_1_153' title='bbox 800 2570 903 2635; x_wconf 89' lang='lat' dir='ltr'><strong>nullus</strong></span> <span class='ocrx_word' id='word_1_154' title='bbox 913 2574 969 2650; x_wconf 90' lang='lat' dir='ltr'><strong>sit,</strong></span> <span class='ocrx_word' id='word_1_155' title='bbox 990 2573 1041 2651; x_wconf 89' lang='lat' dir='ltr'><strong>qui</strong></span> <span class='ocrx_word' id='word_1_156' title='bbox 1054 2593 1105 2634; x_wconf 90' lang='lat' dir='ltr'><strong>se·</strong></span> 
     </span>
     <span class='ocr_line' id='line_1_22' title="bbox 37 2672 1105 2760; baseline -0.003 -21"><span class='ocrx_word' id='word_1_157' title='bbox 37 2697 108 2740; x_wconf 85' lang='lat' dir='ltr'><strong>cum</strong></span> <span class='ocrx_word' id='word_1_158' title='bbox 117 2673 207 2739; x_wconf 72' lang='lat' dir='ltr'><strong>oreti</strong></span> <span class='ocrx_word' id='word_1_159' title='bbox 224 2674 289 2738; x_wconf 84' lang='lat' dir='ltr'><strong>Aut</strong></span> <span class='ocrx_word' id='word_1_160' title='bbox 302 2696 378 2760; x_wconf 84' lang='lat' dir='ltr'><strong>ergo</strong></span> <span class='ocrx_word' id='word_1_161' title='bbox 390 2677 453 2738; x_wconf 86' lang='lat' dir='ltr'><strong>ista</strong></span> <span class='ocrx_word' id='word_1_162' title='bbox 466 2677 590 2756; x_wconf 88' lang='lat' dir='ltr'><strong>penitus</strong></span> <span class='ocrx_word' id='word_1_163' title='bbox 602 2675 764 2738; x_wconf 85' lang='lat' dir='ltr'><strong>reticenda</strong></span> <span class='ocrx_word' id='word_1_164' title='bbox 777 2681 861 2754; x_wconf 87' lang='lat' dir='ltr'><strong>sunt,</strong></span> <span class='ocrx_word' id='word_1_165' title='bbox 881 2683 913 2738; x_wconf 93' lang='lat' dir='ltr'><strong>et</strong></span> <span class='ocrx_word' id='word_1_166' title='bbox 926 2695 990 2737; x_wconf 95' lang='lat' dir='ltr'><strong>non</strong></span> <span class='ocrx_word' id='word_1_167' title='bbox 1004 2672 1105 2737; x_wconf 86' lang='lat' dir='ltr'><strong>solurn</strong></span> 
     </span>
     <span class='ocr_line' id='line_1_23' title="bbox 38 2776 1105 2857; baseline -0.002 -16"><span class='ocrx_word' id='word_1_168' title='bbox 38 2799 99 2841; x_wconf 91' lang='lat' dir='ltr'><strong>non</strong></span> <span class='ocrx_word' id='word_1_169' title='bbox 119 2780 182 2841; x_wconf 89' lang='lat' dir='ltr'><strong>erit</strong></span> <span class='ocrx_word' id='word_1_170' title='bbox 198 2777 372 2857; x_wconf 86' lang='lat' dir='ltr'><strong>perfectum</strong></span> <span class='ocrx_word' id='word_1_171' title='bbox 389 2776 592 2855; x_wconf 87' lang='lat' dir='ltr'><strong>sacrificium,</strong></span> <span class='ocrx_word' id='word_1_172' title='bbox 610 2799 720 2840; x_wconf 90' lang='lat' dir='ltr'><strong>verum</strong></span> <span class='ocrx_word' id='word_1_173' title='bbox 738 2779 834 2839; x_wconf 84' lang='lat' dir='ltr'><strong>etiarn</strong></span> <span class='ocrx_word' id='word_1_174' title='bbox 850 2779 1004 2855; x_wconf 90' lang='lat' dir='ltr'><strong>incurret,</strong></span> <span class='ocrx_word' id='word_1_175' title='bbox 1024 2779 1105 2857; x_wconf 88' lang='lat' dir='ltr'><strong>quis·</strong></span> 
     </span>
     <span class='ocr_line' id='line_1_24' title="bbox 38 2877 1106 2966; baseline -0.002 -22"><span class='ocrx_word' id='word_1_176' title='bbox 38 2882 104 2961; x_wconf 85' lang='lat' dir='ltr'><strong>quis</strong></span> <span class='ocrx_word' id='word_1_177' title='bbox 113 2879 170 2943; x_wconf 89' lang='lat' dir='ltr'><strong>ille</strong></span> <span class='ocrx_word' id='word_1_178' title='bbox 180 2886 239 2959; x_wconf 88' lang='lat' dir='ltr'><strong>est,</strong></span> <span class='ocrx_word' id='word_1_179' title='bbox 256 2878 343 2943; x_wconf 83' lang='lat' dir='ltr'><strong>illum</strong></span> <span class='ocrx_word' id='word_1_180' title='bbox 352 2879 527 2949; x_wconf 89' lang='lat' dir='ltr'><strong>terribilem</strong></span> <span class='ocrx_word' id='word_1_181' title='bbox 544 2882 733 2943; x_wconf 87' lang='lat' dir='ltr'><strong>sententiam</strong></span> <span class='ocrx_word' id='word_1_182' title='bbox 743 2879 829 2966; x_wconf 86' lang='lat'><strong>††):</strong></span> <span class='ocrx_word' id='word_1_183' title='bbox 848 2877 888 2943; x_wconf 83' lang='lat' dir='ltr'><strong>Si</strong></span> <span class='ocrx_word' id='word_1_184' title='bbox 903 2886 972 2964; x_wconf 84' lang='lat' dir='ltr'><strong>qais</strong></span> <span class='ocrx_word' id='word_1_185' title='bbox 991 2881 1106 2944; x_wconf 83' lang='lat' dir='ltr'><strong>tulerit</strong></span> 
     </span>
     <span class='ocr_line' id='line_1_25' title="bbox 39 2981 1106 3071; baseline -0.004 -23"><span class='ocrx_word' id='word_1_186' title='bbox 39 2983 77 3048; x_wconf 85' lang='lat' dir='ltr'><strong>de</strong></span> <span class='ocrx_word' id='word_1_187' title='bbox 92 2982 167 3061; x_wconf 73' lang='lat' dir='ltr'><strong>boc,</strong></span> <span class='ocrx_word' id='word_1_188' title='bbox 200 2985 380 3067; x_wconf 77' lang='lat' dir='ltr'><strong>totlat⁸⁹⁸)</strong></span> <span class='ocrx_word' id='word_1_189' title='bbox 406 2981 497 3047; x_wconf 85' lang='lat' dir='ltr'><strong>Dens</strong></span> <span class='ocrx_word' id='word_1_190' title='bbox 515 2992 642 3066; x_wconf 85' lang='lat' dir='ltr'><strong>partem</strong></span> <span class='ocrx_word' id='word_1_191' title='bbox 664 2989 732 3071; x_wconf 74' lang='lat' dir='ltr'><strong>eins</strong></span> <span class='ocrx_word' id='word_1_192' title='bbox 755 2983 794 3046; x_wconf 82' lang='lat' dir='ltr'><strong>de</strong></span> <span class='ocrx_word' id='word_1_193' title='bbox 816 2981 896 3046; x_wconf 81' lang='lat' dir='ltr'><strong>libro</strong></span> <span class='ocrx_word' id='word_1_194' title='bbox 917 2989 1021 3060; x_wconf 85' lang='lat' dir='ltr'><strong>vitae,</strong></span> <span class='ocrx_word' id='word_1_195' title='bbox 1050 2991 1106 3044; x_wconf 83' lang='lat' dir='ltr'><strong>aut</strong></span> 
     </span>
     <span class='ocr_line' id='line_1_26' title="bbox 40 3083 1104 3165; baseline -0.004 -16"><span class='ocrx_word' id='word_1_196' title='bbox 40 3086 66 3149; x_wconf 79' lang='lat' dir='ltr'><strong>si</strong></span> <span class='ocrx_word' id='word_1_197' title='bbox 81 3083 161 3148; x_wconf 84' lang='lat' dir='ltr'><strong>hoec</strong></span> <span class='ocrx_word' id='word_1_198' title='bbox 179 3087 276 3147; x_wconf 89' lang='lat' dir='ltr'><strong>muris</strong></span> <span class='ocrx_word' id='word_1_199' title='bbox 294 3090 327 3147; x_wconf 87' lang='lat' dir='ltr'><strong>ot</strong></span> <span class='ocrx_word' id='word_1_200' title='bbox 342 3083 515 3164; x_wconf 79' lang='lat' dir='ltr'><strong>parietibus</strong></span> <span class='ocrx_word' id='word_1_201' title='bbox 534 3087 791 3163; x_wconf 88' lang='lat' dir='ltr'><strong>insusurraverit,</strong></span> <span class='ocrx_word' id='word_1_202' title='bbox 810 3083 1015 3165; x_wconf 82' lang='lat' dir='ltr'><strong>ridiculosum</strong></span> <span class='ocrx_word' id='word_1_203' title='bbox 1033 3086 1104 3145; x_wconf 88' lang='lat' dir='ltr'><strong>erit.</strong></span> 
     </span>
     <span class='ocr_line' id='line_1_27' title="bbox 41 3174 1106 3267; baseline -0.004 -17"><span class='ocrx_word' id='word_1_204' title='bbox 41 3174 246 3267; x_wconf 78' lang='lat' dir='ltr'><strong>Quapropter</strong></span> <span class='ocrx_word' id='word_1_205' title='bbox 267 3185 347 3249; x_wconf 83' lang='lat' dir='ltr'><strong>haec</strong></span> <span class='ocrx_word' id='word_1_206' title='bbox 372 3185 551 3267; x_wconf 82' lang='lat' dir='ltr'><strong>periculosa</strong></span> <span class='ocrx_word' id='word_1_207' title='bbox 576 3189 758 3266; x_wconf 85' lang='lat' dir='ltr'><strong>superstitio</strong></span> <span class='ocrx_word' id='word_1_208' title='bbox 784 3187 924 3248; x_wconf 84' lang='lat' dir='ltr'><strong>maxime</strong></span> <span class='ocrx_word' id='word_1_209' title='bbox 951 3207 970 3247; x_wconf 88' lang='lat' dir='ltr'>a</span> <span class='ocrx_word' id='word_1_210' title='bbox 995 3206 1106 3247; x_wconf 85' lang='lat' dir='ltr'><strong>mona·</strong></span> 
     </span>
     <span class='ocr_line' id='line_1_28' title="bbox 40 3286 1104 3363; baseline -0.004 -13"><span class='ocrx_word' id='word_1_211' title='bbox 40 3291 140 3352; x_wconf 89' lang='lat' dir='ltr'><strong>steriis</strong></span> <span class='ocrx_word' id='word_1_212' title='bbox 156 3287 387 3352; x_wconf 79' lang='lat' dir='ltr'><strong>monachorum</strong></span> <span class='ocrx_word' id='word_1_213' title='bbox 404 3289 647 3363; x_wconf 81' lang='lat' dir='ltr'><strong>exterminanda</strong></span> <span class='ocrx_word' id='word_1_214' title='bbox 665 3296 723 3350; x_wconf 84' lang='lat' dir='ltr'><strong>est.</strong></span> <span class='ocrx_word' id='word_1_215' title='bbox 768 3286 979 3349; x_wconf 75' lang='lat' dir='ltr'><strong>praevideant</strong></span> <span class='ocrx_word' id='word_1_216' title='bbox 997 3293 1104 3348; x_wconf 87' lang='lat' dir='ltr'><strong>autem</strong></span> 
     </span>
    </p>
   </div>
   <div class='ocr_carea' id='block_1_6' title="bbox 39 3474 1104 3611">
    <p class='ocr_par' dir='ltr' id='par_1_6' title="bbox 39 3474 1104 3611">
     <span class='ocr_line' id='line_1_29' title="bbox 39 3474 1104 3540; baseline -0.008 -12"><span class='ocrx_word' id='word_1_217' title='bbox 39 3478 82 3528; x_wconf 72' lang='lat' dir='ltr'><strong>Er</strong></span> <span class='ocrx_word' id='word_1_218' title='bbox 101 3482 178 3528; x_wconf 83' lang='lat' dir='ltr'><strong>Cone.</strong></span> <span class='ocrx_word' id='word_1_219' title='bbox 196 3478 331 3528; x_wconf 78' lang='lat' dir='ltr'><strong>Aurelian</strong></span> <span class='ocrx_word' id='word_1_220' title='bbox 350 3496 372 3528; x_wconf 88' lang='lat' dir='ltr'><strong>c.</strong></span> <span class='ocrx_word' id='word_1_221' title='bbox 391 3482 432 3540; x_wconf 85' lang='grc'><strong>3.,·</strong></span> <span class='ocrx_word' id='word_1_222' title='bbox 458 3480 549 3527; x_wconf 73' lang='lat' dir='ltr'><strong>hone*</strong></span> <span class='ocrx_word' id='word_1_223' title='bbox 544 3493 621 3525; x_wconf 78' lang='lat' dir='ltr'><strong>noer</strong></span> <span class='ocrx_word' id='word_1_224' title='bbox 615 3478 661 3537; x_wconf 90' lang='lat' dir='ltr'><strong>pt</strong></span> <span class='ocrx_word' id='word_1_225' title='bbox 653 3490 735 3524; x_wconf 87' lang='lat' dir='ltr'><strong>onem</strong></span> <span class='ocrx_word' id='word_1_226' title='bbox 755 3476 861 3536; x_wconf 70' lang='lat' dir='ltr'><strong>Boron,</strong></span> <span class='ocrx_word' id='word_1_227' title='bbox 887 3474 959 3521; x_wconf 86' lang='lat' dir='ltr'><strong>delic</strong></span> <span class='ocrx_word' id='word_1_228' title='bbox 961 3477 1020 3521; x_wconf 84' lang='lat' dir='ltr'><strong>ente</strong></span> <span class='ocrx_word' id='word_1_229' title='bbox 1037 3475 1104 3534; x_wconf 81' lang='lat' dir='ltr'><strong>spon</strong></span> 
     </span>
     <span class='ocr_line' id='line_1_30' title="bbox 39 3546 747 3611; baseline -0.009 -13"><span class='ocrx_word' id='word_1_230' title='bbox 39 3548 194 3611; x_wconf 74' lang='lat' dir='ltr'><strong>Regiuonem</strong></span> <span class='ocrx_word' id='word_1_231' title='bbox 204 3549 284 3596; x_wconf 81' lang='lat' dir='ltr'><strong>fontis</strong></span> <span class='ocrx_word' id='word_1_232' title='bbox 294 3549 463 3610; x_wconf 76' lang='lat' dir='ltr'><strong>allegatione,</strong></span> <span class='ocrx_word' id='word_1_233' title='bbox 482 3563 516 3596; x_wconf 87' lang='lat' dir='ltr'><strong>ex</strong></span> <span class='ocrx_word' id='word_1_234' title='bbox 528 3562 598 3594; x_wconf 87' lang='lat' dir='ltr'><strong>more</strong></span> <span class='ocrx_word' id='word_1_235' title='bbox 608 3547 656 3593; x_wconf 82' lang='lat' dir='ltr'><strong>sith</strong></span> <span class='ocrx_word' id='word_1_236' title='bbox 665 3546 726 3593; x_wconf 84' lang='lat' dir='ltr'><strong>linx</strong></span> <span class='ocrx_word' id='word_1_237' title='bbox 720 3550 747 3592; x_wconf 87' lang='lat' dir='ltr'><strong>1.t</strong></span> 
     </span>
    </p>
   </div>
   <div class='ocr_carea' id='block_1_7' title="bbox 35 3620 1149 3901">
    <p class='ocr_par' dir='ltr' id='par_1_7' title="bbox 35 3620 1149 3901">
     <span class='ocr_line' id='line_1_31' title="bbox 103 3620 1105 3690; baseline -0.004 -10"><span class='ocrx_word' id='word_1_238' title='bbox 103 3635 132 3681; x_wconf 81' lang='lat' dir='ltr'><strong>c.</strong></span> <span class='ocrx_word' id='word_1_239' title='bbox 150 3634 260 3681; x_wconf 81' lang='lat' dir='ltr'><strong>cxcru.</strong></span> <span class='ocrx_word' id='word_1_240' title='bbox 296 3633 325 3690; x_wconf 83' lang='lat' dir='ltr'><strong>o)</strong></span> <span class='ocrx_word' id='word_1_241' title='bbox 334 3635 392 3680; x_wconf 89' lang='lat' dir='ltr'><strong>Non</strong></span> <span class='ocrx_word' id='word_1_242' title='bbox 406 3637 494 3681; x_wconf 83' lang='lat' dir='ltr'><strong>exstet</strong></span> <span class='ocrx_word' id='word_1_243' title='bbox 506 3634 574 3680; x_wconf 87' lang='lat' dir='ltr'><strong>mter</strong></span> <span class='ocrx_word' id='word_1_244' title='bbox 591 3633 682 3680; x_wconf 84' lang='lat' dir='ltr'><strong>editos</strong></span> <span class='ocrx_word' id='word_1_245' title='bbox 717 3633 755 3679; x_wconf 82' lang='lat' dir='ltr'><strong>Cf.</strong></span> <span class='ocrx_word' id='word_1_246' title='bbox 769 3620 972 3678; x_wconf 78' lang='lat' dir='ltr'><strong>constitutiones</strong></span> <span class='ocrx_word' id='word_1_247' title='bbox 982 3630 1105 3677; x_wconf 82' lang='lat' dir='ltr'><strong>Worrnu-</strong></span> 
     </span>
     <span class='ocr_line' id='line_1_32' title="bbox 37 3699 1105 3762; baseline -0.008 -11"><span class='ocrx_word' id='word_1_248' title='bbox 37 3701 551 3762; x_wconf 56' lang='lat' dir='ltr'><strong>smannens1V.ee.(reru.r..1n</strong></span> <span class='ocrx_word' id='word_1_249' title='bbox 562 3699 1105 3762; x_wconf 77' lang='lat' dir='ltr'><strong>p.srr)etconc.rari.svtt.1.c..-48</strong></span> 
     </span>
     <span class='ocr_line' id='line_1_33' title="bbox 35 3767 1149 3901; baseline -0.004 -84"><span class='ocrx_word' id='word_1_250' title='bbox 35 3770 213 3901; x_wconf 44' lang='lat' dir='ltr'><strong>:millu</strong></span> <span class='ocrx_word' id='word_1_251' title='bbox 208 3767 577 3871; x_wconf 63' lang='lat' dir='ltr'><strong>ostunecrrrmr(11</strong></span> <span class='ocrx_word' id='word_1_252' title='bbox 580 3768 609 3835; x_wconf 92' lang='lat'><strong>.),</strong></span> <span class='ocrx_word' id='word_1_253' title='bbox 626 3770 687 3819; x_wconf 84' lang='lat' dir='ltr'><strong>Psn.</strong></span> <span class='ocrx_word' id='word_1_254' title='bbox 697 3767 936 3831; x_wconf 77' lang='lat' dir='ltr'><strong>1.1ss.(n),1)st</strong></span> <span class='ocrx_word' id='word_1_255' title='bbox 946 3769 964 3814; x_wconf 90' lang='grc' dir='ltr'><strong>Ι.</strong></span> <span class='ocrx_word' id='word_1_256' title='bbox 981 3767 1020 3813; x_wconf 85' lang='lat' dir='ltr'><strong>De</strong></span> <span class='ocrx_word' id='word_1_257' title='bbox 1033 3781 1105 3814; x_wconf 85' lang='lat' dir='ltr'><strong>cous</strong></span> <span class='ocrx_word' id='word_1_258' title='bbox 1147 3769 1149 3775; x_wconf 83' lang='grc'><em>’</em></span> 
     </span>
    </p>
   </div>
   <div class='ocr_carea' id='block_1_8' title="bbox 163 3968 476 4095">
    <p class='ocr_par' dir='ltr' id='par_1_8' title="bbox 163 3968 476 4095">
     <span class='ocr_line' id='line_1_34' title="bbox 164 3968 476 4028; baseline 0 -15"><span class='ocrx_word' id='word_1_259' title='bbox 164 3971 221 4028; x_wconf 81' lang='lat' dir='ltr'><strong>†)t</strong></span> <span class='ocrx_word' id='word_1_260' title='bbox 237 3968 338 4014; x_wconf 77' lang='lat' dir='ltr'><strong>Timotl.</strong></span> <span class='ocrx_word' id='word_1_261' title='bbox 352 3983 372 4014; x_wconf 85' lang='lat' dir='ltr'><strong>c.</strong></span> <span class='ocrx_word' id='word_1_262' title='bbox 385 3972 406 4013; x_wconf 79' lang='lat'><strong>2.</strong></span> <span class='ocrx_word' id='word_1_263' title='bbox 420 3982 442 4013; x_wconf 85' lang='lat' dir='ltr'><strong>c.</strong></span> <span class='ocrx_word' id='word_1_264' title='bbox 458 3973 476 4014; x_wconf 90' lang='lat' dir='ltr'><strong>t.</strong></span> 
     </span>
     <span class='ocr_line' id='line_1_35' title="bbox 163 4038 467 4095; baseline 0.003 -14"><span class='ocrx_word' id='word_1_265' title='bbox 163 4038 214 4095; x_wconf 89' lang='lat'><strong>††)</strong></span> <span class='ocrx_word' id='word_1_266' title='bbox 227 4039 303 4095; x_wconf 76' lang='lat' dir='ltr'><strong>Apsc.</strong></span> <span class='ocrx_word' id='word_1_267' title='bbox 317 4051 338 4081; x_wconf 85' lang='lat' dir='ltr'><strong>c.</strong></span> <span class='ocrx_word' id='word_1_268' title='bbox 351 4039 385 4081; x_wconf 76' lang='lat'><strong>²².</strong></span> <span class='ocrx_word' id='word_1_269' title='bbox 398 4050 421 4081; x_wconf 85' lang='lat' dir='ltr'><strong>c.</strong></span> <span class='ocrx_word' id='word_1_270' title='bbox 434 4040 467 4082; x_wconf 80' lang='grc'><strong>19.</strong></span> 
     </span>
    </p>
   </div>
   <div class='ocr_carea' id='block_1_9' title="bbox 37 4150 986 4348">
    <p class='ocr_par' dir='ltr' id='par_1_9' title="bbox 37 4150 986 4348">
     <span class='ocr_line' id='line_1_36' title="bbox 53 4150 986 4254; baseline -0.009 -13"><span class='ocrx_word' id='word_1_271' title='bbox 53 4182 108 4249; x_wconf 63' lang='lat' dir='ltr'><strong>.c.</strong></span> <span class='ocrx_word' id='word_1_272' title='bbox 130 4150 260 4241; x_wconf 71' lang='lat' dir='ltr'><strong>exunt.</strong></span> <span class='ocrx_word' id='word_1_273' title='bbox 306 4182 547 4254; x_wconf 72' lang='lat' dir='ltr'><strong>398lsiconnes</strong></span> <span class='ocrx_word' id='word_1_274' title='bbox 591 4180 707 4238; x_wconf 85' lang='lat' dir='ltr'><strong>mutavit</strong></span> <span class='ocrx_word' id='word_1_275' title='bbox 727 4177 817 4248; x_wconf 75' lang='lat' dir='ltr'><strong>nnn,</strong></span> <span class='ocrx_word' id='word_1_276' title='bbox 837 4181 906 4238; x_wconf 83' lang='lat' dir='ltr'><strong>item</strong></span> <span class='ocrx_word' id='word_1_277' title='bbox 925 4176 986 4234; x_wconf 82' lang='lat' dir='ltr'><strong>Bal.</strong></span> 
     </span>
     <span class='ocr_line' id='line_1_37' title="bbox 37 4265 546 4348; baseline -0.002 -23"><span class='ocrx_word' id='word_1_278' title='bbox 37 4265 125 4327; x_wconf 77' lang='lat' dir='ltr'><strong>Codri.</strong></span> <span class='ocrx_word' id='word_1_279' title='bbox 156 4301 198 4312; x_wconf 85' lang='lat'><em>-</em></span> <span class='ocrx_word' id='word_1_280' title='bbox 228 4266 331 4325; x_wconf 85' lang='lat' dir='ltr'><strong>tollet:</strong></span> <span class='ocrx_word' id='word_1_281' title='bbox 367 4284 404 4348; x_wconf 70' lang='lat' dir='ltr'><strong>ex</strong></span> <span class='ocrx_word' id='word_1_282' title='bbox 439 4265 546 4324; x_wconf 76' lang='lat' dir='ltr'><strong>arbitro</strong></span> 
     </span>
    </p>
   </div>
   <div class='ocr_carea' id='block_1_10' title="bbox 848 4363 891 4425">
    <p class='ocr_par' dir='ltr' id='par_1_10' title="bbox 848 4363 891 4425">
     <span class='ocr_line' id='line_1_38' title="bbox 848 4363 891 4425; baseline 0 -34"><span class='ocrx_word' id='word_1_283' title='bbox 848 4363 891 4425; x_wconf 70' lang='lat'><strong>7.</strong></span> 
     </span>
    </p>
   </div>
   <div class='ocr_carea' id='block_1_11' title="bbox 0 0 1299 4890">
    <p class='ocr_par' dir='ltr' id='par_1_11' title="bbox 0 0 1299 4890">
     <span class='ocr_line' id='line_1_39' title="bbox 0 0 1299 4890; baseline 0 0"><span class='ocrx_word' id='word_1_284' title='bbox 0 0 1299 4890; x_wconf 95' lang='lat' dir='ltr'><strong> </strong></span> 
     </span>
    </p>
   </div>
  </div>
 </body>
</html>
