2594 4898
192 334 260 398 tito
473 333 637 394 llllGlNO
657 333 789 394 LIBER
809 332 987 396 PRIMUS.

193 502 314 583 aliquot
331 502 441 565 diebus
460 502 499 565 ab
518 502 664 582 operibus
684 504 803 581 carnis,
823 510 856 566 et
873 501 1042 583 purificans
1061 525 1177 586 corpus
1196 508 1263 570 ani·

193 626 335 684 mamque
353 626 452 681 suam,
472 617 637 684 praeparet
654 625 690 668 se
708 606 748 667 ad
766 606 999 684 percipiendum
1016 612 1142 669 tantum
1155 628 1262 672 sacra·

191 713 344 785 mentum,
364 705 511 786 exemplo
529 704 651 785 David,
675 709 726 786 qui
746 709 805 769 nisi
831 707 992 771 confessus
1019 708 1136 772 luisset
1162 710 1261 775 absti-

192 810 296 872 nuisse
315 809 355 871 ab
375 830 470 887 opere
494 807 650 891 coniugali
673 809 713 871 ab
737 808 805 871 heri
824 818 857 871 et
874 810 1116 889 nudiustertius,
1143 834 1260 893 nequa·

191 933 282 990 quam
300 932 397 991 panes
414 912 638 991 propositionis
658 933 677 973 a
694 912 860 974 sacerdote
878 913 1062 990 accepisset.
1144 964 1147 969 .

106 1143 180 1191 ma
221 1114 259 1180 C.
278 1111 532 1181 cccxxxiv.
588 1113 632 1180 Ut
649 1114 751 1180 tribus
766 1112 886 1180 vicibus
904 1119 1033 1181 latetis
1049 1135 1135 1182 ccco
1152 1139 1235 1182 com-

637 1225 805 1282 naconem.

415 1355 474 1418 Ex
496 1355 623 1418 eodem
645 1354 779 1433 Libro,
799 1353 1035 1433 caanLIll.

275 1476 364 1540 Utsi
386 1497 449 1538 non
471 1475 668 1555 frequentius
685 1472 736 1535 vel
749 1480 813 1537 ·ter
835 1451 913 1542 laici
938 1472 1081 1537 homines
1112 1478 1146 1538 in
1175 1498 1255 1540 anno

99 1628 105 1632 .
190 1579 433 1654 communicent,
452 1579 512 1639 nisi
530 1577 613 1639 forte
631 1577 699 1654 quis
717 1574 889 1638 maioribus
908 1574 1100 1673 quibuslibet
1118 1580 1255 1641 crimini·

188 1679 247 1741 bus
269 1679 457 1757 impediatur
470 1682 556 1755 ⁵⁸³),
570 1677 615 1740 'id
634 1684 697 1756 est,
725 1679 758 1740 in
778 1676 918 1756 Pascha,
945 1675 1053 1741 Natali
1073 1675 1209 1744 Domini
1226 1689 1258 1743 et

188 1779 389 1843 Pentecoste.

129 2014 178 2059 325
245 1981 283 2046 C.
304 1982 536 2048 CCCXXXV.
588 1983 634 2047 Ut
650 1987 762 2049 clerici
776 2005 836 2048 non
854 1991 1007 2051 intersint
1022 1984 1198 2074 captiui).

272 2137 470 2219 Presbyteri,
498 2138 638 2217 diaconi,
667 2136 853 2202 subdiaconi
869 2137 922 2201 vel
949 2139 1114 2221 deinceps,
1142 2141 1254 2222 quibus

186 2239 319 2303 ducendi
345 2263 463 2304 uxores
490 2238 704 2324 licentia584)
741 2260 804 2302 non
838 2246 909 2318 est,
946 2243 1042 2304 etiam
1078 2241 1255 2306 alienarum

186 2344 364 2423 nuptiarum
382 2345 501 2406 evitent
519 2343 678 2420 convivia,
707 2362 818 2425 neque¹
829 2341 878 2404 his
896 2342 1039 2407 coetibus
1057 2345 1254 2408 admiscean-

185 2451 252 2524 tur,
270 2444 323 2507 ubi
342 2446 497 2507 amatoria
515 2434 681 2507 cantantur
708 2451 741 2506 et
762 2445 881 2523 turpia,
910 2453 964 2508 aut
981 2444 1133 2509 obscoeni
1151 2453 1253 2511 motus

186 2569 352 2627 corporum
374 2545 478 2610 choris
500 2553 533 2608 et
553 2545 774 2609 saltationibus
793 2547 982 2626 efferuntur,
1009 2535 1049 2610 ue
1076 2548 1203 2612 auditus
1220 2555 1251 2611 et

185 2649 329 2728 obtutus,
356 2651 454 2711 sacris
481 2650 641 2729 mysteriis
654 2650 725 2733 585)
755 2648 936 2729 deputatus,
964 2650 1102 2729 turpium
1130 2657 1250 2732 specta·

185 2749 327 2815 culorum
345 2756 445 2831 atqua.
456 2749 626 2813 verborum
638 2753 833 2834 'contagione
850 2749 1020 2831 polluatur.

251 3013 280 3061 G.
298 3012 480 3059 cccxxxlv.
515 3011 542 3071 g)
552 3012 643 3072 Anseg.
653 3011 713 3060 ibid.
723 3027 745 3060 c.
755 3014 796 3059 43.
807 3012 841 3072 (c.
852 3014 892 3060 15.
907 3012 1018 3072 ospitat.
1028 3016 1146 3072 excerpt.
1156 3013 1248 3073 ingelb.

184 3095 207 3130 a.
222 3082 293 3136 826„
312 3095 334 3129 c.
350 3084 389 3128 50.
408 3082 485 3127 conc.
499 3082 595 3128 Turon.
606 3094 665 3126 ann.
685 3081 763 3141 sta).
780 3106 815 3114 -
833 3081 925 3126 Burch.
939 3082 969 3129 V.
984 3083 1025 3126 17.
1035 3080 1107 3141 (n),
1131 3083 1207 3128 Decr.
1220 3083 1247 3128 ΙΙ.

183 3151 224 3197 at.
235 3149 303 3209 (8.),
321 3149 383 3197 Pan.
394 3151 411 3196 l.
423 3150 480 3196 151.
492 3149 560 3209 (0.),
579 3151 645 3195 Dist.
655 3151 690 3194 11..
700 3151 737 3194 l)e
747 3162 818 3196 cons.
829 3163 851 3197 c.
862 3150 901 3194 16.
911 3144 982 3212 (P),
1001 3161 1103 3196 onmes:
1123 3149 1170 3196 Es·
1178 3151 1248 3210 epist.

182 3216 302 3266 Fabiani.
525 3256 527 3261 .
792 3266 795 3272 ,

251 3294 283 3349 C.
296 3303 465 3350 CCCXXXV.
501 3298 530 3362 b)
541 3304 568 3350 C.
579 3303 619 3348 39.
630 3304 707 3348 conc.
717 3301 807 3360 rigatis.
816 3301 874 3349 hab.
884 3315 943 3348 ann.
955 3304 1012 3348 506.
1029 3301 1076 3362 (cf.
1087 3315 1109 3349 c.
1120 3304 1162 3351 1¹.
1173 3303 1248 3350 Cone.

182 3373 273 3418 venet.
287 3372 345 3420 bah.
359 3387 418 3419 anis.
432 3371 512 3428 161.)
529 3398 564 3406 -
583 3370 648 3418 Coll.
662 3369 742 3415 Dach.
756 3372 797 3416 111.
810 3373 862 3416 58.:
880 3369 925 3416 Ex
940 3367 1246 3431 conc.Agash.0.so.-
1291 3366 1293 3385 ³

181 3440 274 3488 Burcls.
284 3443 313 3487 ΙΙ.
325 3443 381 3489 134.
391 3440 457 3501 (lb),
476 3440 551 3487 Dect.
562 3441 604 3487 Vt.
618 3439 675 3484 208.
690 3437 753 3497 (B.):
774 3438 818 3484 Es*
828 3438 904 3484 citetis
914 3435 1059 3498 Augustini.
1071 3465 1099 3474 -
1121 3439 1245 3487 Burebar-

181 3508 228 3556 dus
240 3524 301 3556 usus
310 3513 366 3566 est,
386 3509 452 3568 quod
463 3521 542 3566 supra
555 3508 604 3554 iam
620 3507 720 3566 notavi,
739 3507 877 3566 Reginonis
887 3506 993 3561 Codice,
1013 3506 1057 3563 qui
1066 3506 1245 3567 interpolatam

180 3577 251 3624 illam
266 3578 413 3624 continebat
428 3576 617 3632 recensionem,
636 3574 734 3631 qualem
746 3575 770 3620 in
782 3574 936 3620 editionibus
945 3574 1057 3622 ltildebr.
1074 3577 1100 3620 et
1110 3575 1166 3625 Bal.
1180 3576 1245 3623 ride·

180 3659 245 3693 mus.
280 3649 309 3692 ln
318 3646 358 3691 bis
368 3659 427 3691 vero
438 3645 516 3701 caput
530 3647 617 3688 nostro
631 3644 784 3691 antecedens
794 3643 872 3704 (apud
882 3657 929 3695 nos
940 3656 961 3690 c.
973 3645 1030 3689 328.
1040 3641 1141 3703 (324.))
1157 3642 1245 3690 inscri-

159 3708 163 3716 “
180 3718 251 3772 ptum
263 3722 314 3761 est:
336 3712 407 3758 Unde
416 3726 504 3769 cupra,
525 3725 546 3755 c.
557 3712 614 3756 327.
624 3711 706 3768 (323.)
716 3715 813 3758 sutem:
831 3711 876 3757 Ex
885 3711 962 3758 dictis
972 3710 1081 3770 August.
1086 3723 1099 3768 ,·
1119 3711 1180 3758 binc
1191 3725 1246 3770 pro·

181 3781 226 3827 diit
236 3796 308 3828 error
318 3779 470 3834 Rurehsrdi,
488 3792 519 3822 ex
532 3792 582 3834 qrro
593 3781 618 3823 et
628 3778 690 3823 illud
702 3793 723 3827 c.
734 3781 804 3834 328,
824 3781 850 3824 et
863 3783 979 3826 nostrum
994 3793 1016 3826 e.
1031 3779 1091 3827 335.
1104 3781 1245 3842 Augustino

180 3849 325 3908 adscripsit.
333 3874 368 3883 -
386 3847 452 3893 Dist.
462 3846 581 3892 xxxm.
592 3860 613 3893 c.
625 3848 665 3893 19.

223 4050 256 4109 C.
277 4049 484 4109 cccxxxiv.
522 4054 596 4123 583)
617 4069 689 4129 quae
734 4049 1063 4110 Vicun.Burcb.llecr.
1084 4085 1125 4096 -
1147 4050 1250 4131 quibus·
1285 4058 1288 4075 “

180 4148 349 4214 sequuntur,
371 4135 472 4194 desunt
491 4137 517 4193 in
538 4137 612 4214 orig.
734 4137 885 4195 ducendae
920 4155 1031 4196 scores
1066 4155 1128 4196 noa
1165 4144 1245 4196 sust:

223 4221 472 4280 ccccxxxv.
527 4226 605 4289 584)
630 4240 689 4279 non
732 4218 817 4278 Trev.
846 4240 883 4279 ex
910 4240 1001 4280 rasur.
1056 4224 1135 4295 585)
1164 4221 1245 4282 αἰεὶ·
1285 4214 1288 4221 ’

179 4317 224 4365 est
249 4308 383 4367 licitum:
416 4306 534 4364 llelmst.
568 4304 687 4382 Guclpb.
731 4308 850 4366 stertis:
866 4306 951 4366 Trev.
