2594 4898
449 394 453 399 .
484 334 562 415 cap.
581 335 706 396 ccciv.
1069 345 1137 409 m

64 508 197 582 propter
222 503 439 566 transitoriam
465 501 591 567 laudem
617 511 780 570 aeternam
805 507 920 586 perdas
945 511 1136 577 mercedem.

66 605 103 668 Si
120 604 261 669 invidiae
278 612 313 667 te
328 604 445 688 rubigo,
459 605 521 668 huc
539 628 636 687 usque
654 611 838 689 consumsit,
857 611 942 690 quod
960 619 1008 675 est
1024 636 1137 693 pecca·

66 715 133 770 turn
160 708 336 770 maximum
363 715 395 770 et
420 729 515 787 super
541 711 647 772 omnia
674 710 879 790 detestabile,
908 714 980 791 quia
1006 714 1135 778 diabolo

67 818 269 889 comparatur
285 809 423 887 invidus,
447 812 499 890 qui
517 813 618 890 primo
636 811 757 875 homini
775 814 888 876 invidit
905 815 1026 894 datum,
1051 819 1135 897 quod

66 916 134 992 ipse
152 935 209 993 per
225 934 315 975 suam
332 910 455 992 culpam
471 913 666 992 perdiderat,
690 937 749 997 age
766 918 994 995 poenitentiam
1014 926 1046 982 et
1064 942 1135 999 pro·

67 1016 183 1077 lectum
205 1013 356 1093 aliorum,
378 1022 465 1077 tumn
487 1016 613 1095 deputa.
658 1016 694 1079 Si
711 1021 840 1081 tristitia
858 1028 890 1081 te
912 1028 1052 1098 superat,
1080 1044 1135 1100 pa·

66 1119 211 1179 tieutiam
229 1124 262 1179 et
278 1115 548 1199 longanimitatem
567 1120 732 1181 meditare.
777 1119 812 1181 Si
830 1122 984 1184 avaritiae
1005 1123 1134 1187 morbus

66 1227 193 1302 gasat,
212 1220 333 1302 cogita,
353 1221 425 1298 quia
442 1222 537 1282 radix
555 1229 605 1282 est
623 1223 762 1282 omnium
779 1220 933 1283 malorum
951 1232 983 1285 et
999 1222 1134 1287 idololn·
1165 1226 1172 1233 ”

66 1323 147 1383 triae
170 1328 383 1400 eomparatur,
411 1331 444 1384 et
465 1323 537 1383 ideo
559 1320 680 1406 largum
703 1329 735 1383 te
758 1344 828 1384 esse
850 1332 987 1401 oportet.
1032 1325 1067 1387 δί
1086 1327 1134 1388 ira

66 1431 97 1485 te
115 1431 226 1502 vexat,
244 1426 373 1503 quaein
392 1423 562 1487 stultorum
580 1425 650 1486 sino
663 1426 846 1503 requiescit,
865 1424 1022 1489 dominari
1034 1427 1132 1491 debes

66 1527 171 1588 auimo
189 1534 244 1589 tuo
263 1533 296 1594 et
313 1525 395 1588 hanc
413 1548 433 1588 a
450 1535 482 1589 te
499 1529 614 1589 mentis
632 1525 862 1605 tranquillitate
879 1527 966 1611 fuga.
1002 1527 1038 1591 Si
1054 1550 1133 1592 ven·

64 1631 121 1690 tris
139 1626 293 1710 ingluvies
311 1628 350 1690 ad
368 1628 541 1690 vorandum
563 1629 732 1707 pertrahit,
759 1614 965 1692 sobrictatem
992 1639 1132 1707 sectam

64 1733 90 1792 si
108 1729 269 1808 luxuriae,
288 1731 466 1792 castitatem
483 1751 566 1792 vove
580 1733 662 1805 ⁵⁶⁰).

99 1849 102 1856 ’
150 1831 242 1896 Tunc
258 1839 439 1912 prosternat
460 1853 495 1894 se
515 1835 681 1910 poenitens
704 1835 872 1896 interram
891 1840 924 1896 et
942 1854 1011 1896 cum
1029 1833 1132 1917 lacry-

63 1938 123 1998 mis
142 1935 239 1998 dicat:
274 1934 317 1997 Et
333 1937 364 1997 in
383 1934 431 1997 his
450 1937 530 1997 etin
551 1933 621 1996 aliis
639 1937 724 1997 vitiis
743 1936 976 2015 quibuscunque
994 1935 1132 2000 humana

63 2037 221 2121 fragilitas
248 2044 358 2100 contra
375 2035 475 2099 Deum
499 2045 532 2099 et
550 2044 725 2102 creatorem
753 2059 843 2100 suum
870 2046 924 2100 aut
948 2038 1130 2122 cogitando,

10 2202 21 2216 ,
64 2148 119 2203 aut
144 2138 318 2218 loquendo,
346 2149 402 2202 aut
427 2139 602 2218 operando,
630 2148 686 2202 aut
707 2138 908 2215 delectando,
936 2147 991 2202 aot
1017 2161 1132 2205 conou-

63 2243 212 2321 pisceodo
228 2263 360 2321 peccare
377 2249 498 2320 potest,
517 2243 550 2302 in
569 2241 713 2302 omnibus
731 2261 782 2301 me
799 2261 963 2318 peccasse,
987 2247 1020 2301 et
1041 2260 1130 2304 reum

63 2347 94 2406 in
111 2352 281 2424 conspectu
298 2341 361 2406 Dei
388 2365 482 2423 super
508 2363 618 2404 omnes
645 2341 790 2404 homines
818 2362 890 2402 esse
917 2361 1075 2423 cognosco
1097 2349 1136 2404 et·

63 2445 229 2509 confiteor.
273 2445 445 2508 Humiliter
462 2449 557 2508 etiam
576 2453 625 2522 te,
648 2444 796 2506 sacerdos
815 2440 893 2519 Dei,
916 2462 1072 2520 exposco,
1095 2451 1131 2505 at
1217 2428 1222 2435 ¹

62 2550 238 2612 intercedas
264 2570 322 2630 pro
348 2568 400 2610 me
426 2555 460 2610 et
484 2568 542 2627 pro
567 2549 704 2627 peccatis
731 2547 811 2608 meis
839 2547 878 2607 ad
898 2542 1071 2605 Dominum
1096 2550 1131 2607 et

63 2658 240 2715 creatorem
256 2657 414 2728 nostrum,
433 2660 586 2730 quatenus
604 2650 644 2710 de
662 2647 711 2710 his
730 2656 762 2710 et
780 2648 819 2709 de
838 2645 983 2708 omuibus
1002 2644 1130 2708 sceleri-

61 2752 118 2816 bus
135 2755 215 2815 meis
233 2755 358 2815 veniam
375 2759 407 2815 et
424 2751 652 2834 indulgentiam
670 2750 819 2829 consequi
837 2769 970 2811 merear.
1082 2814 1085 2823 ,

145 2853 273 2917 Deinde
291 2854 439 2918 sacerdos
462 2862 571 2937 surgat
594 2861 627 2917 et
645 2851 801 2932 psalmum
819 2853 1012 2933 trigesimum
1031 2851 1129 2929 septi·

61 2979 144 3020 mum
170 2957 333 3030 decantet3
368 2957 483 3018 deinde
510 2957 815 3038 quinquagesimum,
852 2962 884 3015 et
910 2953 1129 3034 quinquagesi-

61 3081 146 3122 mum
172 3061 317 3138 tertium,
353 3067 385 3122 ct
413 3066 595 3138 prosternat
619 3080 655 3120 se
681 3060 714 3121 in
740 3065 842 3133 terra,
878 3062 911 3118 et
936 3055 1022 3117 dicat
1046 3053 1128 3116 hanc

62 3164 252 3224 orationem:

489 3313 519 3377 0
537 3336 554 3377 r
572 3315 654 3381 afri
668 3336 700 3387 ο.

145 3451 279 3531 Precor,
304 3450 458 3530 Domine,
485 3449 686 3513 clementiam
713 3454 744 3507 et
769 3440 1015 3506 misericordiam
1042 3445 1128 3501 tuam

61 3563 91 3617 et
108 3555 310 3617 maiestatem
323 3557 413 3632 ⁵61),
439 3561 473 3616 ut
495 3551 615 3616 famulo
639 3560 695 3636 tuo
718 3545 759 3610 N.
774 3548 847 3627 562)
874 3549 1004 3623 peccata
1026 3547 1059 3601 et
1079 3539 1128 3603 fa·

61 3659 170 3719 cinora
188 3677 246 3718 sua
263 3654 427 3719 confitenti
448 3657 573 3718 veniam
594 3652 742 3716 relaxare
765 3649 904 3730 digneris
927 3652 960 3708 et
976 3641 1128 3722 praeteri·

60 3765 162 3822 torum
182 3757 289 3837 culpas
305 3742 484 3841 indulgeas.
530 3753 593 3830 Qui
615 3755 754 3818 humeris
776 3753 838 3814 tuis
860 3767 955 3812 ovem
970 3743 1128 3831 perditam

93 3954 168 4020 560)
180 3945 274 4026 soce:
291 3949 395 4007 Vienn.
429 3945 573 4024 561)olc-
617 3955 647 4002 at
665 3946 692 4001 in
713 3939 784 3999 Cod.
806 3937 894 3997 Paris.
915 3935 1030 4013 legiam,
1050 3943 1081 3990 ut
1100 3933 1128 3990 in

61 4037 189 4093 montiae
212 4043 243 4091 et
264 4035 487 4093 miserirordiae
505 4041 574 4090 tnoe
617 4038 697 4086 textu
716 4037 826 4097 nostro.
854 4027 927 4094 562)
946 4018 1020 4077 Hild.
1032 4019 1126 4093 legis:

60 4121 265 4179 mesertotem:
328 4118 414 4177 Goth.
466 4115 572 4173 Vienn.
617 4133 694 4171 nurse
713 4131 763 4190 pro
782 4107 820 4167 N.
840 4113 898 4182 (a),
918 4102 994 4185 quod
1017 4100 1128 4162 etBal.

59 4203 165 4262 Burclr.
178 4202 285 4281 Halitg.
297 4202 438 4284 (lih.Vl.).
453 4236 490 4244 -
511 4199 572 4257 Bal.
617 4199 741 4273 recepit.

60 4307 175 4368 quoquo
185 4287 260 4348 hanc
274 4288 393 4348 exhibet
407 4286 571 4354 lectionem,

851 4375 925 4436 ro*
