2594 4898
182 319 248 383 roo
294 309 303 317 ’
466 317 631 380 uuoruo
650 302 782 379 uranu
803 317 972 380 paruus

181 496 287 553 autem
304 487 455 551 heredum
474 510 616 551 meorum
634 510 671 550 ac
688 486 908 567 proheredum,
927 509 986 551 uec
1004 489 1184 570 cuicunque
1197 490 1248 555 ulii

144 651 152 656 .
179 612 337 672 personae
363 593 528 671 quicquam
556 589 670 652 debeat
688 592 850 652 servitutis
873 588 925 652 vel
943 588 1165 656 libertinitatis
1178 596 1247 675 611)

70 684 77 693 ’
180 693 380 773 obsequium,
399 694 461 755 nisi
478 691 538 754 soli
555 691 643 769 Deo,
663 694 714 754 oui
732 693 838 754 omnia
855 691 999 754 subiecta
1017 699 1103 771 sunt,
1123 693 1177 757 vel
1194 715 1246 774 pro

180 797 266 859 cuius
289 815 397 856 amore
418 797 519 873 ipsum
542 794 674 857 devotus
694 795 736 856 ad
762 796 828 855 eius
851 795 1012 855 servitium
1031 794 1146 858 obtuli.
1190 795 1247 858 Pe-

179 895 297 967 culiaro
323 916 399 959 vero
427 918 531 974 suum,
560 897 642 976 quod
669 898 700 958 ei
727 886 871 957 dominus
898 895 1021 958 dederit
1047 905 1081 959 et
1103 896 1246 977 deinceps

179 996 251 1060 Deo
270 996 446 1061 auxiliante
464 997 611 1061 laborare
628 999 781 1078 potuerit,
808 1017 994 1059 concessum
1012 998 1045 1059 in
1064 1007 1246 1078 perpetuum
1289 998 1291 1117 l

179 1098 314 1179 habeat,
341 1107 377 1162 ut
401 1100 473 1162 iude
499 1091 627 1179 faeiat,¹
649 1100 797 1180 quidquid
823 1096 870 1159 illi
896 1097 1052 1177 placuerit
1076 1102 1245 1164 secundum
1289 1120 1291 1189 t

180 1190 413 1266 ecclesiasticas
431 1205 627 1266 sanctiones·
669 1202 703 1263 Si
723 1202 790 1280 quis
809 1221 901 1278 vero,
922 1200 1004 1279 quod
1021 1201 1163 1265 futurum
1181 1225 1246 1266 esse

180 1325 243 1367 non
266 1306 378 1383 credo,
405 1307 434 1367 si
457 1326 516 1388 ego
539 1307 606 1384 ipse
628 1312 683 1366 aut
703 1301 817 1382 aliquis
840 1323 884 1364 ex
906 1300 1076 1366 heredibus
1099 1292 1181 1368 meis
1198 1303 1246 1368 vel

180 1404 341 1487 quaelibet
359 1409 504 1487 opposita
520 1427 657 1487 persona
675 1413 786 1467 contra
805 1403 884 1466 hanc
902 1406 1110 1486 ingenuitatis
1130 1415 1246 1470 emtam

179 1510 289 1572 venire
312 1512 497 1582 tentaverit,
529 1516 583 1571 aut
606 1529 676 1570 eam
704 1505 846 1586 quolibet
872 1506 965 1568 modo
992 1498 1168 1588 iufringere
1194 1529 1247 1570 vo·

73 1640 80 1648 ’
179 1610 294 1689 luerit,
329 1611 547 1693 inprimitust)
580 1612 660 1672 iram
691 1607 754 1672 Dei
784 1611 944 1687 incurrat,
981 1616 1014 1671 et
1041 1631 1061 1671 a
1087 1607 1247 1674 liminibus
1289 1624 1291 1681 t

180 1724 312 1775 sanctae
330 1711 394 1775 Dei
416 1711 569 1774 ecclesiae
592 1721 764 1774 extraneus
788 1708 958 1788 efficiatur,
982 1717 1015 1773 et
1036 1712 1182 1792 insuper,
1201 1714 1247 1775 cui

112 1806 119 1816 ’
179 1812 270 1877 litem
286 1812 407 1893 intulit,
435 1816 604 1897 sexaginta
625 1812 744 1875 solidos
763 1811 941 1892 persolvat,
970 1820 1002 1874 et
1019 1815 1105 1892 quod
1124 1819 1245 1896 repetit,
1289 1896 1291 1901 Ι

181 1917 361 1981 evindicare
387 1938 450 1978 nou
477 1915 596 1995 valeat,
628 1917 683 1980 sed
710 1937 860 1995 praesens
886 1917 1065 1998 ingenuitas
1092 1938 1167 1980 mea
1198 1916 1246 1979 vel
1289 1904 1291 1915 ¹

181 2017 313 2080 aliorum
340 2018 494 2081 bonorum
521 2017 682 2080 hominum
704 2017 847 2080 manibus
869 2016 1019 2080 roborata
1051 2039 1124 2081 cum
1151 2021 1246 2082 adsti-

180 2118 343 2200 pulatione
360 2120 496 2183 subnixu
514 2123 600 2182 omui
617 2126 761 2200 temporo
778 2126 906 2182 maneat
923 2118 1119 2209 inconvulsa.

265 2255 394 2320 Debent
403 2259 431 2342 ¹¹)
456 2265 563 2320 autem
588 2257 817 2337 suprascriptae
835 2257 1039 2340 ingenuitatis
1058 2265 1169 2323 cartae
1187 2279 1246 2322 non

179 2357 283 2422 solum
302 2381 416 2423 nomen
434 2358 535 2438 illius,
559 2362 611 2438 qui
629 2358 688 2422 hus
705 2356 776 2421 fieri
794 2371 902 2443 rogat,
929 2360 985 2422 sed
1003 2361 1102 2422 etiam
1121 2364 1247 2424 nomina

179 2462 380 2525 sacerdotum
408 2469 440 2525 et
466 2461 617 2524 nobilium
643 2459 816 2540 laicorum,
853 2464 905 2541 qui
931 2461 975 2524 ihi
1002 2462 1191 2542 adfuerunt,
1218 2465 1246 2525 in

180 2565 289 2628 ordine
308 2564 431 2647 digesta
445 2586 515 2626 cum
529 2565 625 2647 signis
643 2565 771 2644 propria
788 2586 882 2626 manu
896 2565 1056 2644 impressis
1071 2568 1245 2629 continere:

179 2665 253 2729 nam
272 2668 340 2729 sine
363 2665 476 2729 horum
499 2665 744 2744 adstipulatione
770 2668 885 2749 pagina
908 2653 1096 2729 auctoritate
1119 2670 1246 2730 testium

179 2767 299 2830 nudata
325 2788 382 2846 pro
401 2767 499 2830 nihilo
528 2768 703 2847 deputatur.
758 2766 894 2847 Oportet
921 2769 1049 2847 etiam,'
1069 2777 1105 2831 ut
1132 2766 1245 2847 locum,

181 2868 281 2947 diem,
313 2889 428 2931 annum
462 2877 495 2931 et
521 2867 697 2948 consulem,
729 2871 954 2948 indictionem,
986 2872 1020 2932 in
1045 2867 1112 2932 fine
1138 2870 1189 2933 vel
1217 2873 1246 2933 in

179 2972 322 3053 margine
337 2972 520 3033 adnotatam
539 2971 656 3034 habeat
669 2974 701 3034 in
715 2970 799 3035 hunc
817 2972 956 3035 modum:
975 2971 1087 3034 Actum
1102 2971 1159 3035 illa
1173 2975 1246 3035 civi·

180 3079 263 3151 tate,
282 3073 314 3134 in
333 3072 427 3135 domo
446 3076 548 3137 sancti
565 3072 667 3152 Petri,
691 3072 846 3137 Kalendis
865 3073 944 3153 illis,
968 3095 1051 3136 anno
1070 3075 1246 3138 dominicae

179 3175 404 3238 incarnationis
432 3174 503 3254 illo,
534 3186 687 3260 regnante
718 3175 775 3238 illo
802 3198 893 3259 rege,
926 3183 958 3239 et
988 3168 1191 3255 praesidente
1216 3179 1246 3239 iu

180 3276 330 3343 cathedra
357 3278 555 3357 supradictae
583 3280 719 3341 civitatis
747 3271 989 3357 episcopo'illo,
1017 3275 1067 3339 vel
1087 3279 1121 3341 in
1139 3301 1247 3341 mona·

178 3380 275 3444 sterio
294 3379 365 3458 illo,
384 3381 554 3443 indictione
578 3379 649 3459 illa,
673 3383 705 3443 in
724 3379 785 3442 Dei
807 3382 934 3442 nomine
953 3377 1097 3442 feliciter.
1134 3379 1245 3443 Amen.

176 3478 232 3546 Att
249 3486 332 3546 eninr
349 3481 492 3545 Romana
511 3485 737 3565 auctoritas⁰):
778 3480 989 3568 Quaecunque
1006 3484 1093 3567 leges
1110 3490 1181 3548 riae
1198 3485 1248 3548 dic

178 3593 213 3651 ct
229 3586 356 3648 courule
364 3587 504 3664 fuerint
516 3586 682 3668 prolatae,
701 3605 763 3647 uou
780 3588 920 3650 ualeuut.

179 3747 393 3759 *—

247 3839 276 3899 n)
287 3843 372 3888 Verba
383 3843 493 3890 fortusse
504 3844 650 3903 Reginonis.
665 3873 688 3880 -
711 3846 804 3892 Burch.
816 3847 846 3894 11.
858 3845 970 3906 2‘1.(tt.),
981 3845 1058 3893 Dect.
1069 3846 1113 3894 Vl.
1125 3842 1246 3909 128.(B.i:

179 3908 224 3956 Es·
235 3910 311 3958 Cone.
324 3911 405 3959 Tolct.
412 3926 424 3969 ;
445 3913 565 3970 utsupra
579 3918 632 3961 not.
644 3914 673 3968 f).

247 3994 275 4056 o)
284 3997 393 4054 interpr.
403 3997 430 4041 ll·
440 3998 458 4043 l.
469 3997 529 4043 Cod.
541 3996 636 4046 Theod.
646 3999 684 4045 De
695 3999 827 4047 constitut.
837 3999 949 4061 Princip.
960 4000 991 4060 (l.
1002 3998 1045 4059 1.).

223 4198 256 4256 C.
276 4197 452 4259 ccccxiv.
504 4207 576 4272 677)
602 4203 691 4261 liber·
737 4213 799 4263 tus:
818 4201 887 4262 ibid.

183 4287 273 4345 tru's:
296 4284 414 4346 Helnst.
437 4285 499 4346 lial.
544 4290 691 4365 ⁸⁸)pr1'mi·

1191 4796 1197 4803 ‚
1275 4468 1291 4872 l
