2594 4898
463 351 541 432 Cap.
564 351 799 413 XVll-XXll.
827 420 830 427 ¹
1105 357 1179 420 ooo

107 529 167 587 ant
179 520 242 605 Μ).
283 514 407 592 Quodsi
424 518 465 581 ab
483 517 618 583 ecclesia
636 519 826 583 exeuntibus
843 519 977 601 poenale
995 522 1113 602 aliquid
1132 526 1179 588 in-

107 622 254 702 tulerint,
271 628 307 685 ut
325 618 478 684 ecclesiae
495 623 614 685 inimici
630 622 805 686 habeantur
823 626 1098 689 excommunicati.

245 823 282 890 C.
300 792 400 889 XXI.
444 821 499 890 De
515 802 676 891 accusatis
692 828 746 891 vel
759 825 996 893 accusatoribus
1008 829 1046 913 v).
1078 885 1085 901 ,
1115 834 1118 839 “

196 947 280 1026 Illud
306 968 473 1043 praeterea
504 963 590 1024 omni
620 961 835 1026 ecclesiastico
862 964 964 1026 ordini
991 965 1180 1029 omnimodis
1288 964 1291 971 ’

110 1064 343 1129 observandum
361 1049 425 1143 est,
446 1070 482 1126 ut
499 1061 676 1126 nullatenus
695 1064 808 1145 aliquis
825 1074 1004 1144 praesumat
1021 1068 1054 1129 in
1072 1068 1179 1140 conci·

108 1166 154 1229 lio
175 1164 228 1230 vel
250 1164 396 1248 synodali
417 1173 576 1229 conventu
597 1165 732 1246 aliquem
760 1168 953 1231 contratrum
980 1171 1180 1232 accusatione

108 1268 253 1349 pulsare,
280 1269 340 1330 nisi
358 1269 443 1347 prius
461 1269 561 1348 ipsum
579 1271 789 1332 accusationis
808 1273 924 1332 crimen
945 1279 977 1332 et
993 1269 1180 1354 litigationis

109 1354 224 1434 musas
253 1368 355 1432 literis
383 1391 442 1449 per
471 1370 614 1433 ordinem
644 1371 903 1451 comprehensum
933 1394 1028 1435 manu
1053 1374 1180 1452 propria

108 1471 347 1551 subscripserit,
370 1477 404 1551 et
421 1473 568 1551 episcopo
585 1470 639 1535 vel
656 1493 767 1535 sacrae
785 1474 907 1555 synodo
925 1469 1121 1553 porrexerit,
1143 1481 1181 1538 ut

109 1577 193 1637 iuste
214 1580 248 1636 et
270 1561 420 1636 canonice
443 1572 632 1656 litigantium
651 1577 885 1637 controversiae
901 1573 1060 1638 finiantur.
1103 1573 1179 1640 Nou

110 1666 195 1738 cuim
214 1673 299 1754 lieet,
322 1667 360 1738 ut⁸
375 1678 546 1738 auctoritas
564 1674 706 1739 Romana
724 1683 874 1755 testatur,
899 1679 958 1740 nisi
975 1679 1179 1756 inscriptione

109 1774 270 1841 celebrata
288 1798 377 1840 reum
395 1799 582 1858 quemquam
599 1776 686 1852 fieri,
716 1801 774 1841 nec
796 1780 836 1841 ad
854 1781 1004 1842 iudicium
1021 1778 1178 1859 exhiberi,

109 1881 196 1959 quia,
218 1881 299 1943 sicut
316 1868 495 1943 convicium
514 1881 552 1943 de
571 1882 700 1943 crimine
717 1903 821 1960 poena
839 1883 1043 1967 constringit,
1060 1883 1106 1944 ita
1124 1903 1178 1948 ao·

109 1987 298 2060 cusatorom,
317 1984 426 2045 sinon
444 1982 638 2062 probaverit,
657 1984 739 2062 quod
757 1982 883 2046 obiecit.

288 2128 294 2139 ·
414 2166 452 2233 C.
471 2168 587 2233 XXII.
632 2167 687 2234 De
703 2171 811 2235 eudem
829 2192 875 2235 re.

299 2306 357 2370 Ex
382 2305 558 2370 Concilio
582 2306 626 2369 ad
649 2305 683 2370 S.
707 2304 983 2387 Medardunu).

194 2424 384 2490 Hincmarus
404 2425 667 2507 'archiepiscopus
693 2424 862 2490 Remorum
895 2427 960 2491 suis
986 2428 1177 2491 accusatori·

108 2528 168 2593 bus
187 2528 281 2592 dixit:
308 2524 399 2602 Quae
417 2536 466 2592 est
482 2529 592 2609 petitio
611 2538 729 2609 vestra,
751 2526 883 2593 fratresi
910 2526 1176 2608 Misericordiam,
1209 2516 1222 2533 ⁸

109 2632 261 2712 inquiunt,
275 2633 410 2711 petimus
428 2629 520 2694 nobis
538 2652 558 2692 a
575 2638 683 2694 vestra
699 2633 889 2711 paternitate
907 2631 1044 2711 impendi
1062 2630 1102 2694 de
1119 2632 1177 2694 mi-

110 2735 297 2796 nistratione
324 2734 468 2796 ordinum
495 2731 798 2813 ecclesiasticorum,
834 2734 873 2796 ad
902 2755 979 2814 qnos
1002 2756 1022 2796 a
1049 2733 1176 2795 domino

109 2834 242 2899 Ebbone
260 2836 416 2916 quondam
432 2837 583 2914 provecti,
603 2837 684 2920 a33)
703 2842 811 2898 vestra
829 2838 1016 2900 auctoritate
1034 2837 1177 2915 suspensi

110 2957 224 3000 sunaus·
269 2936 460 3000 Hincmarus
482 2936 734 3018 archiepiscopus
753 2939 849 3003 dixit:
879 2937 1015 3002 Habetis
1037 2937 1177 3001 libellum

108 3039 342 3104 reclamationis
360 3046 414 3103 ant
430 3038 668 3120 postulationis,
695 3043 775 3104 sicut
798 3039 1011 3103 ecclesiastica
1028 3062 1062 3102 sc
1082 3039 1178 3102 habet

100 3139 253 3206 uadittot
282 3140 333 3203 llli
356 3149 462 3204 autem
477 3142 722 3221 responderunt,
749 3163 784 3203 se
801 3162 878 3221 prae
896 3142 1039 3204 numibns
1058 3140 1183 3203 nullum·

106 3240 228 3308 habere
258 3241 410 3307 libellum.
464 3241 656 3307 Hincmarus
687 3242 943 3323 archiepiscopus
978 3243 1076 3305 dixit:
1092 3235 1176 3304 ''Le-

102 3365 180 3430 gum
193 3349 243 3423 ³⁴)
258 3336 551 3409 'ecclesiasticarum
563 3348 616 3428 35)
635 3347 807 3409 auctoritas
827 3343 898 3408 talis
917 3352 976 3422 est,
998 3351 1035 3406 ut
1051 3344 1084 3405 in
1101 3365 1175 3406 cau·

175 3639 203 3687 c.
221 3638 293 3687 XXI.
328 3638 356 3700 v)
374 3640 458 3699 Caput
471 3639 607 3690 incertum.
620 3666 654 3676 -
671 3639 765 3687 Burclu.
779 3641 810 3688 11.
825 3641 882 3687 teo.
893 3633 959 3703 (8.),
977 3638 1052 3685 Decr.
1064 3638 1105 3686 vl.
1115 3635 1174 3686 241.

96 3707 171 3770 (B.):
191 3705 237 3752 Es
249 3709 323 3756 Cone.
333 3705 421 3757 Aurei.
436 3724 458 3755 c.
470 3710 510 3756 1o.
769 3752 774 3773 ‚

175 3775 203 3821 G.
220 3774 303 3822 xxn.
339 3776 374 3837 w)
393 3776 490 3825 concil.
500 3776 679 3825 Suessionens.
695 3778 724 3824 ll.
734 3776 760 3822 in
770 3775 927 3823 monasterio
937 3779 962 3826 S.
974 3774 1103 3835 Medardi,
1118 3774 1174 3823 han.

95 3855 169 3893 oum·
179 3843 251 3974 8⁵³⁹),
274 3846 325 3893 set.
339 3845 363 3891 1.
377 3871 407 3880 -
426 3844 520 3894 Burch.
536 3846 568 3893 n.
583 3847 639 3893 rot.
655 3840 722 3909 (n),
741 3846 818 3894 Deor.
831 3847 874 3893 vt.
888 3847 946 3895 260.
960 3845 1025 3907 (R),
1036 3846 1063 3894 0.
1077 3846 1107 3890 11.
1118 3860 1141 3904 q.
1151 3846 1175 3893 1.

94 3925 122 3963 c.
144 3915 172 3961 9.
189 3910 255 3972 (1)..

144 4064 183 4124 C.
205 4062 273 4123 XX.
296 4068 349 4137 32)
371 4068 427 4125 sed
447 4067 510 4124 loci
523 4069 623 4125 sancti
706 4064 739 4124 C.
773 4065 864 4125 XXll.
902 4071 955 4138 33)
990 4064 1074 4124 deest
1110 4063 1172 4123 Bal.

89 4150 276 4212 reverentia
294 4158 327 4209 ct
342 4152 553 4210 :ntercessione
567 4153 619 4210 dc·
662 4155 715 4224 34)
740 4150 786 4209 hic
810 4151 910 4228 incipit
932 4150 1013 4208 locus
1035 4168 1081 4224 ap.
1102 4148 1173 4209 Gra-

88 4235 211 4306 sendt‘:
255 4233 324 4295 ilid.
363 4234 482 4315 Reliqua
518 4235 619 4297 desunt
661 4235 730 4294 tiau.
757 4237 806 4293 cit.
850 4240 904 4312 35)
928 4233 1106 4294 consuetudo
1126 4241 1171 4291 et:

88 4319 173 4383 ibid·
661 4318 726 4378 add.
746 4321 821 4396 orig.
861 4332 867 4341 ‘
