2580 4890
172 344 260 389 xvsrs
454 318 701 383 Panaenum
723 317 942 382 EDl'l'OlllS.

173 515 261 572 sero,
279 491 398 556 addere
415 495 507 554 notas
525 497 619 570 atque
634 491 792 569 indicare,
811 487 885 569 quid
903 509 947 552 ex
964 507 1088 569 quoqne
1104 488 1235 553 concilio

174 604 262 661 esset
288 596 436 676 petitum,
466 600 534 656 tum
563 591 691 656 tradere
715 590 934 675 typographo,
965 592 1017 672 qui
1042 589 1132 655 nulla
1157 591 1238 657 lacta

174 698 312 762 auctoris
332 697 493 760 mentione
511 695 652 761 codicem
674 696 847 758 excuderet
855 695 920 778 *).“
962 692 1052 772 „Sed
1072 701 1237 774 postquam

172 798 313 883 publicis
329 799 467 882 negotiis
492 799 651 876 variisque
677 797 718 860 ad
743 797 884 860 diversos
905 797 1060 876 principes
1087 797 1238 877 susceptis

173 900 386 987 legationibus
404 905 545 964 vacare“
562 921 634 963 eum
651 897 778 979 „voluit
792 897 914 963 elector
931 895 1160 982 Moguntinns,
1178 918 1239 963 non

61 1023 63 1027 ’
165 1002 234 1067 -luit
255 1011 377 1068 tantum
398 1001 438 1067 ab
459 1001 521 1066 illis
543 1003 642 1065 otium
663 1000 833 1082 reliquum,
855 1007 892 1064 ut
913 1009 1058 1081 coeptum
1079 1002 1239 1087 negotium

172 1103 286 1186 perfici
302 1106 492 1185 potuisset.“
536 1104 649 1169 Paucis
667 1105 758 1167 annis
776 1111 849 1184 post
861 1101 972 1168 Ioacd.
989 1098 1237 1184 Hildedmdss,

167 1207 209 1289 :S-
227 1207 348 1281 Theol„
364 1205 425 1271 Dr'.
447 1214 481 1271 et
502 1205 561 1270 SS.
579 1205 707 1287 Autiqq.
731 1205 800 1268 ord.
822 1205 910 1268 Prof.
935 1203 1239 1285 Helmstad.‚'·inter

101 1320 103 1325 '
174 1309 309 1375 Codices
339 1309 552 1374 bibliothecae
581 1307 642 1372 lul.
668 1306 806 1373 Helmst.
833 1328 988 1381 canonum
1018 1305 1237 1377 collectionem

167 1413 441 1493 .detexit‚;quam,
460 1414 522 1477 etsi
539 1413 677 1488 auctoris
695 1431 811 1475 nomen
829 1412 862 1473 in
878 1433 917 1473 ea
934 1431 998 1474 non
1017 1417 1087 1475 erat
1098 1431 1238 1479 comme·

171 1522 344 1592 moratum,
367 1513 527 1597 Reginoni
548 1535 620 1577 esse
641 1513 842 1577 tribuendam
857 1533 938 1579 -vere
958 1520 1065 1592 ratum,
1087 1512 1238 1577 edendam

172 1614 462 1697 curavit.(Helmst.
480 1618 576 1678 1659.
594 1621 653 1691 4.).
688 1613 844 1695 Impresso
862 1617 927 1679 iam
944 1636 1056 1694 opere,
1075 1635 1117 1678 ex
1132 1622 1237 1680 aucto·

172 1718 267 1781 ritate
276 1717 434 1801 Augusti,
451 1714 693 1781 Bruusvicensis
706 1715 822 1796 Ducis,
840 1714 993 1791 Codicum
1008 1715 1237 1801 Mogentinum,

174 1840 265 1898 quem
287 1816 432 1883 Blassius
452 1821 515 1883 iam
537 1820 676 1899 viderat,
699 1830 733 1884 ot
753 1820 965 1905 apographum
988 1817 1118 1885 Codicis
1139 1816 1238 1884 Vien-

172 1922 277 1984 nensis
299 1928 425 2002 nactus‚
449 1922 527 1985 duas
550 1923 740 2003 appendices
767 1922 900 1987 editioni
919 1919 1160 1992 Hudcbmdm
1185 1921 1238 1997 ad·

171 2024 289 2102 inurit,
311 2025 345 2086 in
364 2022 474 2104 quibus
491 2027 597 2089 varias
615 2045 659 2089 ex
676 2023 800 2088 duobus
817 2024 868 2088 bia
888 2021 991 2088 Codd.
1010 2023 1111 2089 'effert
1126 2023 1237 2089 lectio·

172 2146 229 2189 nes
246 2124 398 2206 pluraque
415 2129 536 2207 capita,
559 2148 640 2207 qnae
655 2129 689 2191 in
706 2135 839 2206 utroque
857 2133 929 2206 post
946 2128 1048 2206 ipsam
1064 2110 1237 2212 Reginonis

171 2228 374 2292 inveniuntur
396 2226 627 2292 collectionem.
671 2227 763 2293 Haec
785 2237 891 2294 autem
913 2228 1011 2292 editio
1027 2231 1175 2310 princeps
1190 2229 1237 2293 iu·

172 2328 237 2393 tilis
260 2337 309 2393 est
329 2328 486 2410 planeque
507 2330 642 2409 inutilis,
665 2353 759 2413 quum
775 2338 902 2396 textum
917 2333 1089 2397 innumeris
1110 2334 1145 2395 in
1162 2329 1236 2396 locis

171 2452 215 2495 ex
241 2431 373 2495 arbitrio
399 2430 638 2497 Hs'ldcdrasdss
658 2435 901 2512 permutaverit,
927 2431 978 2497 bic
998 2433 1160 2499 addiderit
1180 2431 1236 2497 nli·

171 2534 261 2615 quid,
279 2533 345 2597 illic
361 2536 555 2598 resecaverit
571 2537 633 2613 ita,
652 2542 688 2598 nt
699 2536 871 2619 genuinam
883 2536 940 2599 vix
950 2537 1053 2615 possis
1065 2556 1238 2621 agnoscere

169 2632 354 2709 lectionem,
377 2656 478 2715 neque
495 2639 653 2720 integrum
671 2635 791 2700 babeas
809 2635 1020 2722 Reginonem,
1038 2637 1096 2701 sed
1112 2636 1238 2707 mutila»

169 2742 238 2801 tum
264 2744 297 2800 et
323 2735 493 2800 crudeliter
518 2737 741 2814 dilaceratum3
768 2737 855 2803 nnlla
879 2738 989 2820 plane,
1018 2741 1237 2817 rarissimain

170 2859 241 2919 app.
260 2839 288 2901 si
305 2841 469 2918 exceperis
486 2839 602 2918 frusta,
623 2841 760 2906 fontium
776 2843 926 2924 cuiusque
943 2843 1055 2922 capitis
1077 2841 1237 2927 allegatio,

171 2937 259 3003 nulla
296 2938 448 3004 falsarum
486 2943 724 3023 inscriptionum
762 2944 953 3009 emendatio.
1024 2939 1237 3019 Quamobrem

170 3039 340 3120 Butuntos,
363 3042 404 3107 ad
427 3065 519 3124 quem
536 3043 776 3111 micenarum
796 3068 887 3110 suum
908 3048 1129 3111 transmiserat
1146 3066 1237 3128 opus,

170 3164 286 3209 novam
312 3145 484 3229 editionem
509 3149 637 3212 minime
661 3171 731 3213 esse
753 3148 956 3230 superfluam,
985 3170 1050 3213 non
1075 3151 1144 3213 sine
1170 3149 1236 3213 iure

168 3251 276 3326 ratus,
302 3246 443 3312 adhibito
468 3246 587 3312 Codice
609 3250 797 3330 Parisiensi,
822 3273 884 3332 qno
907 3249 1051 3316 Morinos
1076 3254 1143 3315 iam
1164 3252 1237 3315 nans

169 3357 255 3427 erat,
273 3350 387 3413 iterum
403 3348 598 3435 Reginonem
615 3352 715 3417 edidit
731 3353 845 3437 (Paris.
865 3358 960 3419 1671.
978 3356 1039 3439 8.),
1060 3353 1158 3433 idque
1174 3360 1237 3419 mm

170 3453 287 3515 eximie
307 3461 402 3533 atque
425 3455 570 3538 egregie,
592 3461 627 3519 nt
649 3457 707 3520 vix
724 3456 799 3519 addi
816 3455 936 3537 aliquid
952 3477 1045 3536 posse
1062 3440 1236 3519 videretur:

168 3554 220 3616 sui-
242 3553 376 3636 singulis
404 3555 523 3620 addicti
552 3557 705 3637 capitibus
731 3559 854 3637 fontes,
884 3556 986 3622 falsae
1016 3558 1237 3637 inscriptiones

169 3660 348 3734 correctae,
370 3658 468 3735 ratio,
491 3678 571 3738 quae
594 3660 762 3724 intercedit
781 3663 867 3725 inter
886 3656 1086 3743 Reginonem
1108 3665 1142 3723 et
1157 3656 1254 3735 ΒΨ·-

170 3750 335 3836 cbardnm,
363 3759 510 3837 exposita
535 3765 601 3824 tam
626 3762 892 3842 in'praefatione,
920 3784 1014 3844 quam
1040 3764 1074 3825 in
1094 3763 1238 3846 margine

169 3857 317 3938 cuiusque
336 3862 481 3942 canonis,
504 3860 649 3952 allegatis
672 3860 849 3930 Burchardi
870 3864 1135 3947 respondentibus
1154 3864 1238 3945 capi·

235 4079 260 4146 *)
277 4086 348 4136 Haec
367 4089 393 4134 et
411 4100 480 4148 seqq.
498 4091 559 4138 sunt
577 4092 654 4153 verba
668 4091 806 4153 epistolae,
826 4106 901 4152 quam
915 4092 1035 4139 Bisms‘us
1050 4089 1082 4138 sd
1096 4088 1130 4136 D.
1145 4088 1235 4151 Polyc.

168 4149 345 4213 Regimen,
369 4153 493 4218 Augusti,
511 4159 592 4206 Ducis
609 4159 807 4209 brunsvicensis
824 4160 1002 4208 consiliarium
1019 4158 1139 4206 intimum
1153 4154 1236 4217 misit,

168 4233 295 4278 quamque
307 4222 494 4272 Hildebrsndus
508 4225 535 4273 in
549 4226 643 4274 codes
657 4228 789 4293 Mogont,
806 4242 876 4279 nunc
886 4228 996 4289 (iosiph.
1008 4224 1200 4287 invenitntque
1209 4224 1236 4272 in

167 4300 226 4352 app.
236 4288 357 4338 editionis
365 4303 430 4339 susc
438 4293 535 4363 publici
543 4294 608 4345 iuris
617 4295 689 4346 tecit.

1267 4378 1282 4719 l
