2594 4898
175 367 246 428 soa
421 356 997 420 auernomauasuuuuous
1062 333 1069 343 “

175 535 259 595 nium
280 537 401 607 utatur,
429 532 489 592 nisi
511 523 600 591 festis
623 527 748 602 diebus3
775 527 816 589 de
838 525 934 589 umis
960 545 1037 588 vero
1061 523 1115 588 vei
1139 525 1241 588 osculo

175 635 246 696 sive
265 630 437 709 sacrificio,
468 634 550 693 sieut
571 651 666 709 supra
693 629 808 691 dietum
834 631 978 702 eam).
1009 624 1242 721 ‘Posteapvero

176 734 298 797 duobus
317 735 418 811 annis,
437 733 560 811 quando
579 752 673 794 carue
690 733 841 808 vescitur,
860 752 880 792 a
897 737 972 809 potu
991 731 1092 809 omui,
1111 730 1167 808 qui
1183 731 1243 793 iue-

176 836 279 898 briare
293 840 407 914 potest,
426 856 462 897 se
480 836 653 922 contineat,
672 839 715 911 et,
732 834 760 895 si
772 840 882 912 potum
894 816 1028 910 bibeiit„
1038 814 1244 901 minimam·

178 959 217 999 ne
235 925 391 1014 vescatur,
411 936 531 1015 absque
548 936 725 1014 praecipuis
741 934 832 998 festis
851 934 972 996 diebus.
1006 929 1061 1007 De
1080 920 1243 996 armisve!

86 1028 92 1035 ¹
176 1036 282 1100 osculo
305 1044 360 1100 aut
381 1034 537 1100 sacrificio
559 1036 688 1099 modum
711 1043 819 1099 teneat
838 1037 903 1097 iam
926 1035 1053 1099 dietum.
1098 1034 1181 1098 Inde
1197 1055 1243 1096 us·

176 1161 236 1218 que
254 1139 295 1202 ad
313 1139 434 1227 obitum
451 1160 555 1217 suum,
585 1139 647 1201 nisi
663 1136 831 1219 praedictis
848 1137 939 1200 festis
958 1136 1087 1216 diebus,
1116 1158 1138 1199 a
1157 1157 1244 1200 carue

177 1241 335 1303 abstineat
357 1248 420 1302 tres
442 1239 599 1323 legitimas
621 1239 720 1302 ferias
743 1241 773 1301 in
797 1241 882 1302 omni
906 1238 1111 1302 hebdomada
1135 1247 1170 1303 et
1185 1241 1244 1302 tr'es

177 1343 433 1427 quadragesimas
455 1343 486 1403 in
510 1361 592 1402 anno
615 1338 755 1426 legitime
778 1341 949 1413 custodiat3
976 1340 1015 1402 de
1037 1341 1138 1405 armis
1160 1361 1244 1418 vero,

176 1451 326 1523 utsupra
350 1445 465 1506 dietum
489 1450 554 1520 est,
580 1453 614 1505 et
636 1463 792 1522 nunquam
816 1440 983 1521 aliquando
997 1444 1071 1519 434)
1100 1428 1244 1526 coniugio

178 1543 347 1625 copuletur.
391 1543 482 1606 Haeo
500 1545 611 1608 eadem
629 1544 825 1624 poenitentia
846 1542 1036 1623 imponenda
1054 1552 1105 1607 est
1123 1544 1244 1633 patrici·

177 1646 238 1724 dis,
256 1645 424 1708 fratricidis
443 1643 495 1708 vel
512 1647 764 1729 consanguineis,
784 1666 842 1708 nee
860 1667 923 1708 uon
935 1654 979 1724 et,
996 1645 1049 1735 qui
1063 1653 1182 1726 sponte
1194 1636 1245 1727 per

178 1746 323 1811 fraudem
337 1753 369 1809 et
382 1748 546 1809 avaritiam
560 1747 719 1810 hominem
734 1749 898 1810 innoxium
908 1747 1066 1826 occidunt,
1082 1747 1244 1831 quod⁴⁸⁵)

178 1846 372 1910 morchidum
389 1856 513 1911 vocant.
958 1839 963 1848 ’

119 2068 168 2113 roo
257 2051 293 2114 C.
319 2050 400 2116 ccl.
444 2052 487 2117 Ia
504 2064 601 2139 quoto
615 2062 825 2138 generatione
843 2057 1028 2153 copulentur
1035 2054 1172 2134 fideles.

199 2187 257 2251 Ex
274 2188 448 2268 Epistola
465 2188 610 2257 Rahaui
633 2191 676 2253 ad
693 2189 936 2256 Humbertum
958 2191 1176 2271 episcopum
1188 2196 1225 2277 ⁰).

259 2306 359 2392 Igitur
371 2309 410 2383 de
424 2311 539 2388 nuptiis
553 2306 605 2371 vel
621 2311 776 2389 quomodo
791 2311 1047 2395 consanguinitas
1060 2308 1245 2392 honoranda

143 2450 147 2455 -
178 2411 234 2488 sit,
262 2407 416 2473 Dominus
439 2408 578 2489 loquitur
599 2413 632 2473 in
652 2410 798 2474 Levitico
821 2411 993 2501 diceus†):
1032 2410 1142 2487 Omra&
1162 2411 1246 2477 dono

178 2512 223 2576 od
235 2498 413 2595 proximum
429 2519 595 2596 oaogormr
616 2519 669 2576 sui
686 2532 749 2575 non
766 2498 918 2592 accedat,
942 2523 982 2577 ut
995 2515 1126 2584 ¹revelet
1149 2522 1246 2600 torpe

178 2615 317 2678 tudinem
340 2621 416 2678 eiua.
462 2612 542 2678 Cum
565 2615 648 2676 enim
665 2611 820 2703 Dominus
837 2613 986 2694 populum
1002 2635 1095 2687 suum
1108 2616 1155 2680 de
1173 2638 1246 2680 oon·

177 2714 434 2777 taminationibus
452 2718 591 2797 gentium
608 2714 761 2779 voluisset
778 2738 936 2796 separare,
954 2719 1087 2796 primum
1107 2717 1246 2801 generali

177 2814 330 2877 vocabulo
358 2817 399 2878 ad
425 2818 661 2894 proximitatem
687 2820 847 2900 sanguinis
873 2817 1033 2898 prohibuit
1059 2839 1246 2900 quemquam

176 2915 340 2994 accedere,
364 2937 403 2978 ue
421 2916 581 2980 revelaret
598 2919 821 2997 turpitudinem
839 2922 917 2998 eius,
940 2919 1053 2983 deindo
1070 2922 1177 3001 ipsam
1194 2943 1246 3006 ge·

177 3015 375 3080 ueralitatem
397 3017 496 3080 ferme
522 3021 554 3080 in
578 3018 646 3082 XII
673 3022 792 3100 speeies
819 3021 1002 3099 subdivisit,
1030 3044 1114 3103 quae
1142 3033 1244 3088 tamen

176 3114 259 3179 ultra
289 3120 415 3182 tertiam
444 3119 497 3181 vel
529 3128 671 3199 quartam
700 3124 937 3204 generationem
968 3144 1032 3187 non
1057 3127 1243 3203 procedunt.

175 3217 268 3282 Unde
286 3221 416 3299 accidit,
442 3227 476 3283 ut
497 3243 585 3299 reor,
614 3223 772 3285 dominmn
792 3222 979 3307 Gregorium
996 3221 1181 3310 Augustino
1199 3231 1244 3291 in·
1285 3248 1288 3335 p

176 3323 349 3407 terroganti
367 3324 462 3384 tertia
479 3321 531 3385 vel
547 3332 660 3407 quarta
677 3327 883 3406 generatione
900 3328 963 3389 iam
980 3325 1066 3390 licite
1086 3330 1244 3394 connubia
1286 3342 1288 3349 '

175 3423 305 3506 iungere
331 3425 651 3507 spospondisse436).
704 3424 857 3490 Similiter
883 3436 916 3491 et
941 3430 973 3489 in
1001 3426 1173 3495 Theodori
1197 3453 1242 3495 ar·

176 3521 366 3603 chiepisoopi
387 3526 490 3606 gentis
508 3524 683 3612 Auglorum
705 3526 863 3606 capitisue,
892 3529 1034 3608 quaeda
1056 3535 1241 3597 necessariis

177 3626 361 3702 conscripsit
382 3625 492 3704 rebus,
519 3629 710 3706 invenimus,
738 3629 820 3708 quod
841 3631 873 3692 in
894 3631 988 3693 tertia
1010 3635 1239 3714 propinquitate

245 3880 271 3925 u.
290 3881 355 3925 oon,
367 3878 393 3941 0)
410 3874 582 3933 insertiones.

276 4009 305 4062 †)
323 4008 377 4051 Leo.
392 4024 412 4053 c.
432 4015 464 4054 18.
483 4024 504 4054 o.
523 4016 543 4055 6.

217 4128 250 4187 C.
280 4130 337 4189 CC.
368 4139 443 4206 433)
466 4133 588 4210 sociat:
618 4138 683 4196 add.
773 4142 804 4199 C.
834 4142 905 4201 ccl.
933 4148 1007 4215 436)
1039 4149 1232 4224 respondere:

174 4211 246 4271 Rau.
310 4221 384 4289 434)
412 4217 494 4277 deest
521 4219 559 4277 ib.
609 4226 682 4295 435)
730 4225 988 4305 uigilarunt.
1083 4248 1086 4253 ·

178 4298 339 4359 Theodz'reo
358 4303 479 4378 lingua:
502 4302 566 4361 add.
586 4305 624 4363 ib.
