2594 4898
173 360 242 423 148
458 353 623 415 REGINO
642 352 774 413 LIBER
793 351 964 414 PRIMUS.

172 527 336 604 reduxisti,
356 526 408 605 qui
425 522 584 603 publicani
601 521 747 603 precibus
766 529 799 584 et
817 521 1018 585 confessione
1036 519 1183 599 placatus
1200 542 1245 599 es,

173 632 337 706 tretium,
361 626 514 704 Domine,
541 625 614 688 huic
631 624 749 688 famulo
769 631 823 687 tuo
841 622 982 703 placatus
1002 644 1073 684 esse
1092 623 1243 706 digneris.

175 731 227 796 Tu
244 732 335 794 huius
354 729 497 809 precibus
519 728 673 811 benignus
691 728 831 806 adspira,
849 734 886 789 ut
903 728 936 788 ia
953 725 1157 788 confessione
1178 724 1245 806 pla·

175 832 285 900 cabilis
311 838 506 912 permaneat.
555 829 665 892 Fletus
692 831 760 892 eius
784 836 816 891 et
837 829 947 907 petitio
970 835 1157 907 perpetuam
1182 827 1244 890 cle·

174 938 324 999 mantiam
341 942 428 996 tuam
446 931 593 995 celeriter
615 939 744 1008 exoret,
773 932 953 1009 sanctisque
975 929 1132 992 altaribus
1153 932 1244 992 resti·

174 1047 260 1100 tutus
283 1057 407 1100 rursum
430 1042 580 1098 aeternae
602 1056 639 1096 ac
662 1033 794 1096 coelesti
811 1032 933 1116 gloriae
952 1033 1164 1111 mancipetur,
1194 1032 1242 1110 qui

176 1142 256 1202 vivis
275 1147 334 1202 etc.

466 1271 633 1336 Deinde
669 1274 944 1355 adiungatur:

262 1410 351 1476 Deus
383 1396 582 1490 omnipotens
613 1413 655 1473 sit
681 1410 808 1473 adiutor
838 1418 870 1473 et
895 1413 1057 1488 protector
1082 1415 1180 1485 tuns,
1216 1414 1246 1469 et

176 1523 317 1597 praestet
333 1513 561 1597 indulgentiam
579 1513 617 1575 de
636 1514 772 1592 pcccatis
790 1513 852 1575 tuis
874 1513 1071 1590 praeteritis,
1099 1531 1246 1591 praesen·

178 1617 261 1679 tibus
281 1625 313 1679 et
338 1616 498 1696 futuris'‘).

264 1715 398 1791 Haecl)
433 1716 472 1776 de
498 1717 646 1778 remediis
671 1724 871 1794 peccatorum
899 1737 941 1778 ex
967 1717 1108 1794 priorum
1138 1735 1247 1781 monn-

178 1821 292 1881 mentis
324 1819 554 1896 excerpsimus,
581 1820 612 1879 iu
645 1817 755 1896 quibus
783 1825 888 1881 tamen
912 1816 1070 1894 omnibus,
1099 1838 1164 1879 non
1193 1839 1246 1878 au·

181 1922 328 1983 ctoritate
364 1921 523 1996 censoris,
559 1920 615 1982 sed
646 1919 779 1982 consilio
809 1922 914 1999 potius
949 1920 1171 1999 compatientis
1202 1920 1247 1980 usi

179 2043 307 2098 sumus,
343 2019 491 2084 sollerter
522 2025 728 2085 admonentes
761 2022 886 2084 doctum
919 2043 1071 2101 quemque
1099 2021 1247 2083 sacerdo·

17 2128 27 2135 “’
117 2170 121 2176 -
179 2133 245 2186 tem
265 2122 399 2201 Christi,
427 2126 515 2185 utin
538 2127 710 2202 universis,
739 2145 818 2202 quae
841 2124 890 2187 hic
913 2125 1066 2186 adnotata
1083 2124 1247 2202 repererit,

180 2246 316 2303 sexum,
345 2234 503 2304 aetatem,
531 2228 760 2314 conditionem,
787 2233 920 2304 statum,
942 2247 1127 2304 personam,
1155 2223 1249 2289 intel·

182 2326 320 2405 lectum,
356 2329 457 2406 ipsum
495 2325 633 2407 quoque
654 2350 709 2390 cor
743 2329 933 2407 poenitentis
972 2331 1096 2390 curiose
1131 2328 1250 2390 discer-

182 2441 253 2507 nat,
273 2439 306 2492 et
324 2430 494 2492 secundum
513 2431 607 2508 haec,
630 2438 666 2493 ut
684 2429 744 2492 sibi
763 2432 864 2492 visum
881 2429 992 2507 fuerit,
1011 2428 1138 2512 singula
1158 2449 1250 2509 quae·

184 2552 245 2610 que
272 2532 431 2595 diiudicet.
495 2529 691 2606 Quibusdam
727 2553 861 2612 namque
888 2554 908 2594 a
934 2531 1012 2594 cibis
1048 2531 1248 2607 abstinendo,

180 2631 250 2695 aliis
268 2632 486 2714 eleemosynas
506 2635 620 2711 dando,
640 2633 798 2697 nonnullis
816 2655 919 2717 genua
936 2632 1093 2696 flectendo
1112 2636 1248 2712 saepius,

180 2737 247 2796 sive
265 2737 297 2795 in
317 2756 410 2795 cruce
428 2736 558 2813 stando,
581 2743 636 2798 aut
654 2735 739 2798 aliud
758 2737 876 2816 aliquid
894 2735 1088 2813 huiusmodi,
1110 2736 1194 2813 quod
1212 2735 1248 2796 ad

180 2837 400 2918 purgationem
417 2845 616 2913 peccatorum
634 2841 808 2918 pertineat,
837 2837 998 2915 faciendo,
1024 2838 1179 2899 universa
1196 2857 1249 2898 ne·

181 2958 270 2998 cesse
288 2944 336 2998 est
358 2946 464 3000 errata
487 2941 660 3022 corrigere,
689 2962 767 3019 quae
791 2943 940 3003 universa
961 2941 994 3001 iu
1017 2941 1170 3002 examine
1192 2938 1251 3000 dis·

182 3040 261 3100 creti
278 3038 397 3103 debent
414 3041 551 3118 pendere
568 3043 690 3106 iudicis.
775 3100 778 3104 .

441 3209 478 3274 C.
498 3210 624 3275 CCCV.
670 3213 723 3278 De
739 3212 986 3297 poenitentibus.
1079 3216 1081 3221 ’

462 3363 518 3428 Ex
537 3364 713 3429 Concilio
731 3364 966 3451 Africanoep.

264 3482 503 3547 poenitentibus
521 3486 694 3549 secundum
712 3487 924 3549 differentiam
941 3493 1161 3565 peccatorum,
1188 3489 1251 3566 epi-

180 3586 264 3663 scopi
284 3586 431 3664 arbitrio,
450 3590 668 3666 poenitentiae
686 3595 832 3667 tempora
850 3590 1070 3652 decernantur.

249 3768 275 3830 b)
284 3771 367 3818 Praei.
383 3773 570 3833 fragmentille
584 3778 732 3826 remediis
746 3783 966 3839 peccatorum,
994 3778 1064 3838 quod
1077 3778 1157 3840 vulgo
1172 3778 1252 3826 seua

181 3838 414 3964 dmfrg'iddg'filff
428 3842 539 3901 agberto
555 3846 717 3894 tribuendum
736 3848 845 3896 ridetur.
877 3850 915 3896 Gi.
935 3845 1055 3895 Ballerin.
1074 3861 1115 3907 ap.
1134 3846 1252 3895 Gallmd.

249 3975 276 4019 C.
295 3976 386 4020 cccv.
410 3941 448 4036 ⁸c)
467 3978 562 4025 Canon.
581 3981 694 4030 African.
712 3998 752 4044 ap.
767 3984 875 4044 Dionys.
894 3998 915 4030 c.
931 3985 972 4031 43.
992 3968 1048 4031 init:
1065 3981 1143 4046 (1⁰.l;
1163 3983 1251 4042 (cone.

181 4041 300 4103 carthag.
310 4044 352 4089 Ill.
367 4043 436 4102 (hab.
450 4059 473 4091 a.
489 4047 559 4105 397.)
574 4061 595 4094 c.
607 4048 665 4104 31.).
683 4075 718 4084 -
736 4053 800 4100 Call.
810 4055 868 4099 Vat.
879 4067 901 4099 c.
913 4055 967 4111 18.‚
986 4051 1068 4098 uach.
1079 4054 1097 4099 Ι.
1107 4053 1150 4099 11.
1161 4051 1250 4109 (ione),

180 4107 326 4224 galti'qlik
337 4114 359 4158 1.
371 4114 410 4224 171.
421 4135 462 4225 -5
474 4114 565 4162 Buten.
575 4117 645 4164 ΧΙΧ.
655 4120 697 4165 4⁰.
707 4119 773 4180 (la),
792 4122 868 4168 Dect.
878 4122 934 4168 XV.
950 4122 973 4167 3.
988 4120 1056 4180 (3.),
1074 4122 1136 4167 ΛΜ.
1146 4121 1192 4169 ΧΙ.
1202 4121 1250 4171 21η

203 4210 209 4226 .
246 4214 255 4223 .
307 4193 364 4237 .qu.
394 4196 434 4226 .c.
465 4216 471 4229 .

230 4315 255 4389 ⁸)
275 4314 354 4388 Quae
373 4328 541 4396 sequuntur,
562 4319 667 4383 desunt
685 4341 731 4402 ap.
751 4320 856 4384 Burei.
