2594 4898
189 357 260 418 soa
436 346 1018 411 nncruouranasncunnus
1087 309 1092 313 ’

188 523 344 604 episcopi,
360 521 447 583 cuius
465 516 674 600 parochianus
693 539 742 598 es,
761 518 845 597 quod
862 524 897 580 tu
909 515 998 579 illurn
1012 516 1179 580 hommem
1193 538 1257 580 curn

68 688 74 701 Ι
190 623 261 697 aliis
292 621 473 685 bominibus
503 620 689 700 sequacibus
715 621 778 682 tuis
804 619 991 697 occidisses,
1022 625 1156 697 propter
1179 617 1256 682 banc

189 745 335 802 camum,
353 729 389 786 ut
405 723 491 786 bona
507 721 591 785 illius
609 722 761 801 diriperes
780 729 813 783 et
830 723 898 784 eius
915 740 1053 783 uxorem
1068 719 1133 783 tibi
1149 722 1183 784 i'u
1194 741 1255 783 ma-

190 827 371 894 trimonium
397 825 550 897 sociares,
576 825 610 886 in
632 824 767 887 veritate
789 843 853 884 non
875 829 925 886 est
944 823 1005 900 ita,
1034 843 1095 884 nec
1117 827 1156 885 tn
1175 818 1252 884 solus

190 940 341 997 aeacum
364 923 435 988 aliis
458 923 638 988 horninibus
660 922 748 986 illurn
766 921 926 987 hominem
947 921 1112 1000 occidisti,
1128 945 1208 1002 nec,
1223 931 1253 986 ut
1287 993 1289 1019 Ι

189 1043 280 1107 suasu
297 1014 394 1090 ¹uitam
412 1034 468 1089 aut
484 1025 625 1089 membra
640 1026 805 1105 perderet,
827 1047 898 1088 cum
916 1023 986 1087 aliis
1005 1022 1194 1089 consiliatus
1211 1045 1250 1102 es,

190 1151 249 1193 uec
266 1131 299 1193 iu
317 1130 384 1191 eius
401 1134 504 1190 morta
522 1127 689 1207 quidquam
707 1125 807 1189 habes
824 1127 959 1205 lactum,
977 1126 1062 1188 uude
1076 1128 1191 1189 merito
1205 1133 1251 1188 aut

190 1231 419 1310 poenitentiam
436 1230 605 1308 suscipias,
628 1237 683 1299 aut
699 1227 817 1290 faidam
833 1229 990 1290 sustineas
1003 1227 1095 1310 ⁵⁰⁵),
1120 1234 1174 1290 ant
1189 1249 1251 1307 prc-

190 1335 269 1396 tium
287 1331 416 1412 aliquod
432 1328 609 1416 persolvas.
653 1328 707 1392 Sic
724 1336 757 1392 te
775 1314 867 1392 Deus
882 1328 1020 1392 adiuvet.

79 1501 81 1505 ’
131 1517 179 1563 nso
190 1499 229 1565 C.
244 1492 392 1566 ccxul
413 1500 632 1565 Iurarnentum
645 1499 685 1564 de
697 1501 958 1563 reconciliatione
972 1496 1249 1583 consuescant).

273 1635 324 1698 Ab
350 1638 413 1699 isto
440 1636 501 1713 dic,
518 1637 551 1698 in
575 1643 669 1699 antea
691 1631 893 1698 istam'tuam
920 1635 1105 1717 coniugem,
1133 1636 1250 1698 nomine

188 1734 294 1815 illam,
312 1757 406 1816 quarn
422 1738 538 1799 iniuste
556 1738 737 1815 dimiseras,
755 1738 802 1800 ita
815 1735 954 1813 tenebis,
971 1736 1056 1798 sicut
1066 1757 1127 1825 per
1140 1744 1250 1800 rectum

189 1839 321 1900 maritus
339 1857 429 1901 suam
447 1837 543 1900 debet
560 1836 677 1900 habere
695 1839 860 1922 coniugem
872 1839 905 1900 in
919 1835 1091 1900 dilectione
1106 1847 1140 1901 et
1152 1837 1250 1901 debita

190 1935 371 2018 disciplina,
395 1960 453 2001 nec
476 1960 547 2001 earn
568 1961 625 2019 per
645 1937 744 2002 ullum
762 1937 880 2002 malum
897 1939 1056 2027 ingenium
1074 1946 1146 2011 ate
1169 1960 1249 2018 sepa·

189 2038 293 2117 rabis,
311 2061 370 2102 nec
388 2061 427 2102 ea
444 2041 570 2103 urente
589 2038 684 2103 aliam
702 2042 847 2119 accipies.
892 2038 945 2103 Sic
962 2047 994 2103 te
1011 2037 1103 2104 Dens
1121 2041 1248 2104 adiuvet.

130 2225 181 2270 241
306 2244 309 2250 ·
370 2206 406 2271 C'.
427 2206 591 2272 ccxnll.
639 2207 775 2274 sintne
792 2217 838 2274 ric
854 2209 975 2292 caroffi)
989 2211 1075 2292 ⁵⁰⁶).

274 2342 302 2406 A
323 2343 419 2407 ruodo
442 2346 593 2420 inantea
614 2347 710 2409 istum
730 2353 815 2408 tuum
833 2346 996 2423 maritum,
1024 2366 1125 2424 quem,
1142 2347 1249 2410 iniuste
1288 2380 1289 2431 3

188 2444 371 2522 dimiseras,
388 2445 435 2507 ita
452 2446 577 2508 tenebis
594 2453 627 2508 et
644 2445 893 2526 amplexaberis,
912 2454 945 2509 et
963 2448 993 2509 ei
1009 2448 1043 2508 iu
1056 2449 1206 2526 servitio,
1222 2449 1248 2509 in
1288 2499 1289 2523 ,

188 2565 297 2608 amora
319 2554 352 2608 et
367 2547 401 2608 iu
420 2547 533 2608 timore
556 2549 602 2609 ita
620 2550 682 2609 eris
700 2547 846 2611 subiecta
861 2556 894 2611 et
911 2545 1082 2626 obediens,
1103 2551 1187 2612 sicut
1202 2569 1249 2630 per

183 2653 310 2708 sectum
326 2667 410 2709 uxor
423 2666 481 2709 suo
496 2646 591 2710 debet
604 2648 747 2711 subiecta
760 2669 831 2711 esse
844 2651 970 2728 marito,
989 2671 1048 2712 nec
1060 2672 1202 2729 unquam
1214 2651 1247 2713 ab

187 2766 225 2808 eo
248 2754 280 2809 te
302 2744 478 2826 separabis,
505 2768 564 2811 nec
585 2747 642 2812 illo
664 2750 790 2812 vivente
812 2748 906 2813 alteri
927 2752 994 2812 viro
1017 2759 1050 2813 te
1068 2751 1205 2815 sociabis
1221 2753 1246 2813 in

188 2849 333 2930 coniugio
352 2856 407 2912 aut
425 2847 591 2912 adulterio.
636 2849 690 2914 Sic
707 2848 845 2915 tollens
863 2851 1002 2915 adiuvet.

128 3033 179 3078 242
211 3011 248 3077 C.
272 3011 451 3080 CCXLlII.
505 3015 560 3082 De
579 3019 642 3097 dia,
670 3026 728 3105 qui
745 3028 943 3086 matrimonio
969 3027 1076 3084 iuncto·
1099 3032 1177 3086 cunt
1200 3030 1231 3085 ct
1286 3094 1289 3103 ι

542 3119 660 3184 naboe
677 3141 738 3184 non
752 3132 894 3205 poscant.
1286 3128 1289 3136 '

205 3249 265 3313 Ex
287 3250 464 3332 Epistola
485 3251 631 3318 Rabani
654 3256 699 3318 ad
721 3256 968 3321 Heribaldum
990 3258 1228 3340 Episcopum,

510 3382 517 3394 ·
580 3378 655 3436 cap.
674 3355 859 3439 XXlX.s)

269 3467 364 3545 Quod
383 3478 485 3535 autern
504 3475 708 3559 interrogasti
726 3475 765 3538 de
783 3476 848 3555 his,
868 3479 921 3557 qui
937 3480 1142 3543 inatrirnonio
1158 3479 1243 3544 iuncti
1286 3454 1289 3475 ¹

252 3693 280 3739 C.
298 3694 405 3740 CCXLl.
440 3695 466 3756 d)
486 3697 578 3744 Burch.
589 3699 634 3747 IX.
645 3701 684 3744 81.
695 3695 761 3760 (a),
772 3701 848 3748 Dect.
858 3701 923 3747 vffl.
933 3703 990 3749 21¹1.
1000 3696 1063 3765 (B.),
1074 3702 1137 3753 Pan.
1147 3705 1201 3751 Vll.
1209 3705 1242 3749 n.

184 3759 253 3819 (D.),
265 3773 287 3805 c.
298 3761 406 3808 XXXV.
416 3776 440 3820 q.
452 3768 475 3811 6.
487 3779 508 3811 c.
521 3766 561 3814 11.

183 3895 217 3939 4²
236 3828 415 3956 (g.)CGXL11.
450 3828 475 3891 e)
493 3833 585 3882 Bur-cb.
598 3834 644 3882 tx.
659 3836 699 3882 82.
713 3835 780 3896 (R),
797 3837 875 3884 Decr.
888 3838 953 3882 viil.
968 3838 1026 3882 218.
1039 3836 1104 3900 (lb),
1122 3839 1185 3886 Pan.
1198 3837 1243 3884 vu
1287 3880 1289 3887 .

252 3963 427 4010 c.ccxn111.
462 3960 1242 4031 i)Sor.onn.853.-Burcb.lX.40.(R.),Decr.Vltl.1ll.
1286 3965 1289 3971 ’

182 4025 244 4089 (a),
263 4028 376 4075 acnvs
391 4030 448 4076 115.
464 4030 603 4096 (n.1re.)‚
621 4039 680 4084 aa..
696 4039 729 4086 x.
744 4034 812 4103 aa(
833 4035 865 4100 .),
886 4053 908 4087 e.
918 4040 1024 4087 xxva,
1038 4054 1061 4098 q.
1078 4042 1102 4090 2.
1116 4054 1140 4089 e.
1156 4042 1209 4105 aa,
1224 4053 1242 4086 c
1277 4062 1289 4121 .'

225 4175 258 4234 C.
287 4176 398 4237 CCXL.
430 4183 503 4250 505)
533 4185 691 4247 vindictam
779 4189 811 4248 C.
832 4189 971 4250 CCXLll·
999 4195 1073 4267 506)
1093 4193 1130 4258 de
1149 4193 1240 4252 eaden

180 4262 342 4340 suscipias:
360 4262 436 4324 llild.
455 4262 517 4325 Bal.
733 4292 784 4334 rc:
804 4272 866 4334 Bal.
