2594 4898
405 360 485 442 cap.
506 359 770 424 xxo-xxva.

290 576 294 581 -
333 527 372 594 C.
399 525 532 594 xxlv.
584 527 639 594 De
662 530 773 596 mdes·
797 551 844 595 re.

368 664 427 730 Ex
446 665 576 730 eadem
592 665 695 752 Lege
709 666 734 751 ¹)
746 667 810 748 ⁴¹).

143 782 331 868 Quicunque
348 783 445 850 alium
466 787 506 850 de
527 783 632 866 eliqua
654 786 791 849 criminis
813 784 956 868 capitalis
974 786 1127 857 obiectio·

52 911 98 956 ue
113 886 306 973 pulsaverit,
332 909 396 953 non
418 890 503 970 prius
522 887 713 953 a'iudicibus
731 887 891 968 audiatur,
918 910 1011 970 qnam
1032 911 1068 954 se
1085 891 1128 955 si-

52 990 165 1058 milem
180 1012 329 1075 poenam,
352 1012 447 1075 quam
462 1011 519 1054 reo
537 990 684 1071 intendit,
706 989 926 1073 subscripserit
942 991 1127 1059 subiturum.

312 1207 351 1276 C.
371 1208 487 1277 XXV.
529 1210 615 1279 Item
631 1213 716 1278 ende
732 1221 880 1299 cupreo.

145 1364 185 1431 ln
202 1362 416 1430 criminalibus
434 1365 538 1428 causis
556 1362 607 1428 vel
625 1364 856 1430 obiectionibus
874 1366 1129 1447 permundatum
1152 1451 1155 1459 Ι
1288 1356 1294 1373 ’

57 1466 166 1535 nullae
183 1473 328 1548 accuset,
349 1467 405 1531 sed
422 1468 506 1549 ipse,
529 1469 581 1547 qni
599 1468 717 1531 crimen
734 1468 886 1547 intendit,
912 1490 970 1550 per
985 1491 1022 1533 se
1039 1491 1130 1533 eccu-

58 1577 125 1651 set,
152 1570 356 1650 inscriptione
377 1570 560 1650 praemissa.
605 1567 727 1633 ludices
749 1576 853 1633 antem
874 1570 1023 1651 puniendi
1044 1578 1129 1652 sunt,
1231 1584 1235 1593 '

60 1672 333 1752 damnandumque
351 1669 507 1750 officium,
529 1671 558 1733 si
575 1669 727 1751 aliquem,
750 1672 811 1735 nisi
828 1675 1002 1752 praemissa
1018 1674 1130 1738 inscri-

59 1777 182 1857 ptione,
198 1773 395 1839 subdendum
411 1772 605 1839 credideriut
621 1775 808 1854 quaestioni.

164 2047 169 2055 .
295 2072 302 2081 ,
358 1992 396 2059 C.
413 1992 545 2058 XXVI.
592 1992 646 2058 De
663 1996 772 2060 eaden
788 2014 834 2061 re.

468 2129 525 2194 Ex
544 2127 724 2214 eadent).

148 2269 233 2335 Ante
249 2268 485 2348 inscriptionem
503 2287 596 2329 nemo
615 2262 773 2331 efficiatur
795 2267 993 2330 criminosus.
1035 2260 1132 2348 Nam,

10 2424 22 2453 ι
63 2372 268 2455 inscriptione
289 2392 346 2451 per
367 2369 510 2435 ordinem
531 2368 631 2448 faeta,
658 2375 733 2432 tuuc
755 2368 895 2433 uindice
917 2368 1133 2448 suscipiendus

10 2518 24 2553 s
64 2481 116 2545 est
130 2494 215 2573 reus,
234 2480 268 2539 et
282 2471 447 2538 custodiae
465 2491 535 2536 oum
553 2477 738 2537 accusatore
754 2470 926 2535 tradendus
938 2475 1002 2555 ⁴²).

96 2693 136 2760 C.
153 2644 303 2759 XXVII.
347 2691 403 2758 Dc
417 2691 479 2772 lie,
500 2700 559 2778 qus·
573 2700 717 2778 epsicopo
732 2695 870 2779 nlr'qsam
887 2698 1037 2758 imbribus
1053 2694 1107 2757 vel

315 2859 319 2866 .
379 2794 654 2861 dehonorationem
662 2797 822 2876 fecerint.

141 2933 200 2998 Ex
218 2930 497 3014 Cepitnlerinm
512 2930 653 3097 {arlon
670 2931 785 3018 Regis
806 2931 887 2995 Lib.
905 2930 969 2996 vl.
988 2953 1063 3013 cap.

607 3034 640 3096 X
656 3035 692 3119 ⁰).

153 3154 191 3220 si
210 3155 278 3237 quis
300 3155 447 3235 episcopo
470 3151 606 3233 aliquam
628 3154 775 3216 iniuriam
796 3160 851 3217 aut
871 3154 1021 3216 iniustam
1039 3150 1138 3214 deho-

10 3308 44 3351 .
71 3259 269 3323 notationem
286 3256 415 3335 fecerit,
438 3255 478 3318 de
496 3257 562 3318 vita
580 3262 764 3334 componat,
788 3262 821 3317 ct
839 3255 960 3333 omnia,
983 3273 1063 3332 quae
1080 3250 1138 3315 ba·

72 3359 146 3425 bere
159 3361 247 3423 visus
260 3358 367 3438 fuerit,
385 3355 548 3436 ecclcsiae,
567 3358 615 3419 cui
629 3377 776 3437 pracesse
790 3356 995 3439 dignoscitur,
1014 3354 1139 3418 socien-

140 3653 169 3701 0.
185 3652 282 3703 XXIV.
316 3651 344 3714 a)
361 3653 410 3702 lnt.
419 3652 448 3702 ir.
459 3655 500 3703 14.
509 3650 570 3700 cod.
580 3649 677 3700 Tbeod.
686 3649 745 3699 ibid.

141 3723 169 3771 G.
187 3721 269 3769 XXV.
304 3723 331 3780 a)
348 3723 396 3768 lnt.
406 3723 434 3768 L.
444 3724 485 3768 td.
496 3721 557 3769 Cod.
566 3718 663 3768 Tbeod.
674 3718 732 3767 ibid.
849 3744 850 3747 =

141 3790 169 3839 G.
186 3789 281 3838 XXVl.
317 3789 344 3849 b)
362 3791 411 3837 int.
420 3791 448 3838 L.
460 3793 500 3838 19.
511 3788 572 3837 cod.
582 3787 678 3835 Tbeod.
687 3787 747 3834 ibid.

141 3858 170 3904 c.
188 3857 296 3905 xxvn.
314 3857 341 3918 c)
358 3858 452 3906 Bened.
466 3858 549 3917 capit.
562 3859 590 3902 L.
604 3857 635 3904 11.
649 3870 671 3904 c.
687 3858 743 3914 bb.;
758 3854 791 3901 cf.
805 3852 970 3901 Pseudo-Pii
983 3855 1002 3901 Ι.
1016 3852 1064 3914 Ep.
1079 3854 1102 3900 2.
1116 3853 1143 3900 et

77 3922 304 3987 Pseudo-(inger.
313 3927 332 3975 1.
341 3925 424 3986 Epist.
433 3926 465 3973 sd
474 3926 595 3973 Felicem.

10 4110 45 4166 τ’,
114 4076 152 4138 G.
164 4075 273 4137 xx1v.
292 4084 346 4155 41)
365 4080 402 4139 Ε.
416 4099 443 4138 e.
457 4081 508 4138 ιη·
528 4077 588 4138 dee.
635 4096 692 4155 quo
726 4077 781 4136 iam
823 4087 981 4156 sequuntur
1018 4073 1144 4153 capitula

10 4186 44 4246 u
71 4163 146 4229 illd,
633 4162 826 4241 Angilramni‚
862 4180 937 4241 quae
967 4171 1062 4221 temen
1088 4158 1144 4237 bne

117 4249 153 4309 C.
168 4247 277 4308 xxvi.
293 4254 349 4324 42)
365 4248 590 4328 llactcuusrpp.
633 4248 748 4306 minime
766 4247 921 4326 perinent.
1005 4282 1010 4292 ·

68 4335 95 4398 1.
120 4335 291 4396 continetur
308 4335 337 4393 iu
356 4333 427 4394 Cod.
446 4333 542 4406 Trev„
561 4332 590 4392 ln

892 4431 933 4491 26
