2594 4898
178 311 227 374 ao
452 295 622 367 ‘aroino
644 296 776 366 mnan
798 252 969 365 narnus.

265 479 296 540 5.
341 471 414 550 Quo
441 472 571 538 metallo
589 476 653 536 sint
670 493 782 552 capsae
799 479 833 535 et
850 491 959 534 cruces
981 475 1167 554 coopertae,
1192 476 1248 534 aut

179 582 208 644 si
225 577 393 662 diligenter
409 577 593 639 reconditae
610 577 674 637 sint
690 573 841 653 reliquiae
859 575 892 635 in
910 571 1018 650 altari,
1040 578 1095 633 aut
1112 573 1142 634 si
1158 573 1248 651 ipsae

181 701 295 760 capsae
317 681 397 742 seris
417 686 471 741 aut
488 677 584 740 clavis
602 679 742 740 munitae
760 673 840 738 sinti

267 802 298 861 6.
343 795 414 872 Quo
433 795 562 860 metallo
584 794 734 867 sitcalix
756 800 788 856 et
808 801 924 874 patena
946 793 1029 854 etsi
1048 791 1184 855 mundns
1206 792 1247 854 sit

182 901 222 964 ab
241 900 327 965 omui
344 898 453 976 sorde,
472 904 528 960 aut
543 896 599 959 ubi
615 893 802 975 reponatur?

267 1020 299 1080 7.
343 1016 379 1081 Si
402 1015 566 1096 corporale
588 1035 629 1078 ex
649 1015 854 1078 mundissimo
877 1020 910 1076 et
935 1010 1121 1076 nitidissimo
1145 1009 1246 1074 linteo

182 1122 225 1186 sit
242 1127 275 1183 et
294 1119 349 1182 ubi
366 1116 573 1181 recondatur?

64 1304 70 1312 ,
269 1243 299 1300 8.
344 1237 380 1300 Si
405 1235 494 1299 locus
521 1239 563 1298 sit
587 1239 620 1299 in
647 1234 818 1301 secretario
845 1240 901 1297 aut
921 1231 1137 1315 iuxta.altare
1157 1253 1247 1312 prae-

73 1419 77 1424 *
182 1347 326 1422 paratus,
352 1338 407 1402 ubi
423 1360 504 1418 aqua
522 1337 642 1401 effundi
663 1338 778 1417 possit,
809 1335 936 1415 quando
961 1334 1041 1398 haec
1067 1333 1246 1412 abluuntur,

58 1437 63 1446 “
184 1449 217 1505 et
234 1443 261 1504 si
278 1462 334 1503 vas
352 1441 399 1503 ibi
416 1439 603 1520 dependeat,
622 1439 676 1502 ubi
693 1438 842 1501 sacerdos
859 1459 969 1501 manus
986 1435 1073 1498 lavet
1088 1442 1164 1516 post
1180 1457 1247 1517 per·

185 1545 363 1623 ceptionem
386 1544 527 1620 corporis
546 1549 579 1604 et
597 1543 757 1624 sanguinis
775 1537 908 1602 Domini
929 1544 962 1601 et
982 1536 1164 1620 presbyter,
1184 1536 1247 1600 dia·

185 1663 284 1708 conus
303 1648 357 1706 aut
374 1641 583 1705 subdiaconus
601 1642 647 1704 ibi
662 1645 765 1722 primo
783 1638 947 1722 corporale
965 1638 1066 1702 lavet‘l

272 1749 303 1807 9.
347 1743 584 1823 Inquirendum,
612 1746 640 1805 si
660 1742 804 1828 pixidai)
827 1765 952 1824 semper
972 1743 1014 1806 sit
1039 1762 1135 1822 super
1152 1738 1248 1804 altare

187 1867 256 1910 oum
274 1866 366 1909 sacra
383 1844 545 1923 oblatione
562 1847 770 1909 adriaticum
787 1842 939 1908 infirmisl

273 1969 325 2027 10.
370 1962 405 2026 si
423 1955 581 2027 missalem
603 1963 793 2043 plenarium,
815 1964 1035 2038 lectionarium
1056 1967 1089 2024 et
1106 1959 1248 2041 antipho·

187 2067 311 2128 narium
336 2063 475 2128 habeatl
508 2063 593 2128 Nam
624 2068 692 2128 sine
719 2065 769 2129 his
795 2069 893 2130 missa
918 2065 1057 2147 perfecte
1075 2084 1149 2151 non
1172 2060 1249 2125 cele-

186 2166 306 2230 bratur.
1244 2237 1251 2242 ⁸

273 2273 324 2332 11.
369 2266 553 2335 Videndum
579 2271 691 2350 etiam,
714 2277 789 2352 quot
814 2268 869 2333 alii
894 2268 970 2334 libri
994 2267 1039 2331 ibi
1065 2268 1145 2345 sint,
1173 2264 1251 2330 etsi

186 2370 270 2434 bene
288 2372 353 2434 sint
368 2373 491 2435 recitati
501 2370 548 2458 4)l
1019 2352 1023 2359 ⁹
1274 2362 1277 2369 ¹

274 2495 315 2551 12
329 2493 369 2567 5).
398 2487 487 2566 Quot
508 2497 540 2554 et
558 2491 663 2571 qualia
679 2493 871 2554 vestimenta
889 2487 1099 2553 sacerdotalia
1116 2486 1164 2551 ibi
1180 2489 1251 2566 sint,

89 2607 95 2620 ¹
188 2593 264 2654 etsi
281 2594 345 2655 sint
362 2592 462 2654 nitida
480 2600 535 2655 aut
543 2595 574 2675 6)
592 2596 624 2655 in
643 2594 743 2656 nitido
760 2592 833 2656 loco
852 2590 1062 2656 collocenturl
1188 2640 1192 2644 .

275 2713 327 2772 13.
371 2708 604 2788 Requirendum
625 2711 665 2773 de
686 2710 892 2775 luminaribus
918 2712 1015 2791 ipsius
1042 2707 1197 2772 ecclesiae
1223 2713 1254 2770 et

191 2816 269 2887 quot
286 2812 425 2872 cerarios
444 2810 578 2874 habeati

276 2931 328 2988 14.
373 2927 643 3011 Investigaudum,
672 2933 699 2993 si
728 2931 847 2995 habeat
873 2935 941 3011 ipsa
959 2929 1095 3017 ecclesia
1111 2948 1254 2992 mansura

189 3026 359 3091 habentem
376 3029 568 3116 bonoariai)
592 3033 759 3095 duodecim
774 3042 900 3113 praeter
922 3032 1111 3096 cimiterium
1132 3039 1167 3095 et
1188 3050 1255 3093 car·

189 3137 274 3207 tem,
310 3130 365 3192 ubi
396 3132 531 3194 ecclesie
562 3141 595 3195 et
625 3134 735 3197 domus
760 3135 939 3217 presbyteri
966 3135 1144 3197 continetur
1171 3140 1204 3197 et
1228 3131 1255 3194 si

189 3229 308 3294 babeat
325 3235 481 3311 mancipia
498 3233 647 3312 quatuorl

277 3355 328 3414 15.
374 3347 461 3426 Quot
477 3373 605 3416 mansos
628 3352 744 3417 babeat
764 3353 940 3438 ingenuiles
963 3360 997 3417 et
1018 3359 1094 3435 quot
1115 3348 1255 3431 serviles,

190 3458 247 3516 aut
264 3453 390 3516 accolas
408 3456 491 3517 unde
510 3456 631 3518 decima
648 3456 816 3520 reddaturi

197 3602 204 3615 .
277 3558 327 3617 16.
373 3553 646 3620 Considerandum
677 3561 793 3635 etiam,
828 3561 856 3621 si
887 3560 1001 3621 atrium
1032 3554 1188 3625 ecclesiae
1217 3555 1257 3621 ult

191 3673 267 3734 sepe
284 3657 452 3733 munitum,
476 3677 515 3718 ne
533 3657 637 3736 aliqua
653 3659 852 3722 immunditia
869 3657 1039 3739 polluatur.
1279 3692 1289 3779 g

235 3845 267 3911 3)
283 3843 392 3918 pycnz
411 3840 472 3902 Bal.
499 3850 531 3916 4)
545 3844 703 3906 Sicomncs
748 3854 779 3917 6)
799 3859 832 3908 et
847 3851 866 3908 i.
881 3869 910 3907 n.
924 3849 943 3906 l.
963 3849 1129 3907 collocata.-
1154 3845 1256 3906 von.

194 3923 303 3996 C⁰ddo
323 3924 447 3986 01111181.
466 3949 494 3988 a.
517 3930 552 4003 (l.
573 3936 613 4003 1.)
635 3931 702 3992 Sav.
748 3940 779 4005 7)
800 3933 850 3993 Sic
885 3935 971 3992 Trcv.
1009 3933 1096 3992 Goth.
1134 3930 1255 4010 Guelpb.

193 4006 337 4080 lx.232.‚
358 4012 547 4072 etflineman
562 4016 703 4096 Capp—
746 4018 851 4077 Vienn.
870 4053 912 4063 —
940 4018 1103 4078 bonuaria:
1133 4015 1196 4076 Ral.
1218 4048 1259 4060 -·

193 4092 256 4152 Bal.
275 4096 395 4153 mavult:
419 4102 537 4171 recten}
556 4102 587 4176 (i.
607 4121 635 4160 e.
655 4120 704 4160 re·
747 4103 916 4163 bonuaria.-
952 4102 1071 4163 Helmst.
1103 4135 1148 4148 -
1185 4101 1258 4162 lons

193 4176 295 4259 ligati.)
333 4185 364 4252 5)
385 4180 416 4238 ln
429 4180 548 4242 llelmst.
568 4195 599 4244 et
612 4185 702 4244 Paris.
747 4206 837 4249 croc:
866 4187 942 4249 llild.

194 4263 381 4328 antecedenti
397 4285 423 4328 c·
435 4273 484 4331 11.
502 4267 705 4331 adhaeret.—
