2594 4898
298 346 301 351 ·
354 344 436 425 cap.
459 340 797 405 cxxxrx-cxnvr.
1045 345 1116 408 roo
1191 436 1198 447 Ι

334 510 372 576 C.
392 510 544 575 CXLIIL
589 511 644 576 De
661 514 828 578 adulteris.
1124 534 1174 581 144

300 649 359 712 Ex
382 648 513 712 eodem
530 647 629 727 Lib.,
657 671 732 729 cap.
755 646 861 736 ΝΛ)

129 769 168 833 ln
192 765 347 832 adulterio
370 774 560 831 extraneam
577 767 743 832 mulierem
762 767 866 832 nullus
880 769 951 853 ³⁰⁵)
975 779 1114 851 accuset,

40 873 99 936 sed
119 872 302 952 propinqui,
326 870 365 932 ad
389 891 521 949 quorum
545 872 690 933 notitiam
708 873 861 950 pertinet,
884 870 917 934 id
935 878 999 950 est,
1016 873 1117 937 frater

40 996 232 1058 germanae,
250 971 418 1053 patruelis,
437 979 568 1050 patruus
587 980 619 1035 et
637 971 860 1048 consobrinum
878 972 992 1053 reliqui
1009 984 1116 1039 tamen

41 1084 119 1138 ante
138 1077 389 1154 inscriptionem,
408 1077 435 1136 si
453 1081 601 1137 accusata
619 1076 826 1155 acquieverit,
843 1085 975 1156 possunt
991 1099 1048 1157 per
1064 1100 1116 1140 sa-

40 1177 258 1241 tissactioneru
275 1179 400 1240 veniam
418 1179 602 1257 promereri.

231 1343 269 1410 C.
287 1344 441 1411 CXLIV.
485 1344 540 1411 De
556 1353 683 1411 maritis
700 1347 930 1413 accusantum.
1126 1375 1174 1419 145

448 1485 506 1547 Ex
529 1484 660 1547 eodem
675 1481 713 1567 ὖ).

133 1601 260 1666 Maritia
278 1625 355 1667 sane
373 1605 470 1679 etiam
488 1625 528 1667 ex
545 1605 804 1686 suspicione³⁰⁶)
823 1625 972 1668 accusare
985 1606 1116 1686 pennis·

42 1729 114 1770 sum
134 1714 183 1769 est
196 1707 278 1789 ³⁰⁷).

125 1873 163 1985 Q.
182 1873 319 1943 CXLV,
369 1875 416 1942 Ut
422 1878 559 1957 familia
578 1877 617 1941 de
634 1877 796 1942 adulterio
813 1877 1040 1962 distringatur.
1127 1904 1176 1949 14⁶

452 2014 513 2076 Ex
536 2015 716 2100 eodem0).

132 2131 186 2196 De
212 2133 368 2197 adulterio
396 2155 532 2197 uxorum
557 2136 677 2197 maritis
703 2156 760 2214 per
789 2140 948 2197 tormenta
976 2132 1117 2196 familiae

44 2238 225 2316 utriusque,
252 2237 284 2299 id
307 2245 371 2315 est,
399 2259 476 2298 suae
499 2242 532 2297 et
553 2237 662 2297 uxoris
685 2256 837 2313 quaerere
859 2237 1062 2314 permittitur3
1091 2235 1119 2296 si

44 2347 156 2402 tamen
173 2336 230 2400 illo
248 2345 407 2418 tempore,
425 2358 488 2419 qno
506 2338 676 2400 admissum
694 2336 823 2415 dicitur,
846 2337 925 2399 haec
943 2339 1011 2416 ipsa
1028 2357 1118 2398 man·

47 2443 132 2521 cipia
150 2443 331 2520 praesentia
348 2443 452 2503 autin
471 2441 583 2503 eadem
602 2440 695 2502 domo
714 2439 811 2503 fuisse
829 2438 1013 2519 probantur,
1032 2438 1119 2500 simi·

44 2542 122 2606 liter
141 2549 188 2621 et,
208 2545 236 2605 ai
252 2551 386 2607 mortem
404 2542 464 2606 sibi
483 2543 522 2606 ab
542 2563 642 2605 uxore
661 2540 805 2604 adultera
826 2543 957 2604 maritus
974 2549 1118 2620 paratam
1244 2555 1248 2565 ’

44 2644 146 2708 fuisse
164 2647 366 2724 conqueritur
378 2647 461 2729 ³⁰⁸).
507 2643 661 2707 Similiter
682 2646 778 2706 etiam
800 2642 940 2706 familiae
958 2644 1119 2721 utriusque

46 2767 151 2826 poena
169 2749 349 2826 quaerenda
367 2757 430 2827 est,
452 2750 481 2812 si
502 2750 634 2812 maritus
652 2754 787 2810 mortem
805 2747 915 2811 uxoris
928 2748 1000 2832 309)
1019 2743 1119 2827 quali·

48 2849 105 2912 bet
121 2851 248 2913 ratione
265 2852 433 2930 paraverit.

108 3017 146 3082 C.
166 3017 317 3085 CXLVI.
360 3019 400 3087 Se·
415 3028 557 3106 ingenua
574 3044 666 3087 cerco
677 3030 811 3108 proprio
830 3046 865 3089 ae
881 3030 1055 3090 mucamit-
1130 3055 1179 3100 14¹1
1224 3006 1226 3011 .

365 3159 423 3222 Ex
442 3160 586 3239 eodem,
610 3183 687 3240 cap.
706 3156 802 3244 vif)

135 3274 170 3338 Si
189 3298 250 3358 qua
267 3279 405 3362 ingenua
421 3278 535 3342 mulier
552 3300 645 3342 servo
659 3280 786 3358 proprio
802 3300 837 3342 se
851 3277 973 3342 occrrlte
988 3280 1121 3342 miscue-

118 3470 147 3515 ὓ.
165 3468 275 3518 CXLIII.
311 3470 337 3530 o)
355 3472 465 3530 Interpr.
475 3471 503 3518 L.
514 3473 537 3519 2.
547 3469 607 3517 ibid.

116 3537 145 3583 C.
164 3537 274 3587 CXLIV.
311 3539 338 3599 d)
357 3540 418 3587 ibid.
428 3564 463 3572 -
471 3538 565 3587 Burotr.
576 3538 645 3586 XVI.
656 3537 708 3586 ηε
720 3536 764 3584 Et
775 3538 850 3584 Coae.
862 3535 951 3584 Paria.
960 3550 983 3586 o.
993 3537 1017 3585 0.

116 3605 145 3650 G.
164 3605 263 3654 CXLV.
298 3606 326 3668 e)
343 3609 454 3668 nterpa
461 3609 490 3656 L.
499 3609 526 3657 4.
534 3606 595 3654 ibid.

46 3740 94 3800 (lx
115 3674 154 3806 C.)
164 3673 273 3722 CXLVI.
308 3676 337 3737 f)
356 3679 466 3736 Interpr.
484 3678 513 3724 L.
532 3688 578 3724 un.
596 3674 657 3723 Cori.
674 3674 771 3724 Theoi.
788 3675 829 3722 De
847 3672 909 3723 moi.
927 3686 994 3734 quae
1011 3687 1039 3722 oe
1054 3686 1122 3724 rm.

90 3893 124 3953 G.
136 3893 265 3956 GXLlli.
288 3897 561 3977 comnenaeflitd.
653 3896 685 3954 C.
697 3895 809 3955 CXLV·
827 3901 900 3970 308)
917 3897 1123 3976 conquatiun-

47 3976 112 4037 Bai.
251 4050 254 4055 .
608 4001 683 4039 omn.
709 3981 795 4054 Cori,
820 4002 887 4042 exc.
907 3981 1029 4055 vienn,
1051 4002 1121 4040 coa-

58 4078 62 4093 ¹
90 4064 126 4122 C.
155 4064 284 4127 cxnlv.
326 4072 405 4143 306)
434 4087 562 4128 umores.-
609 4078 764 4145 qneretar:
789 4070 881 4148 orig„
906 4068 953 4127 ubi
976 4068 1048 4126 haec
1070 4064 1124 4125 ad·

47 4147 115 4208 adri.
133 4148 241 4210 Burei·
283 4157 357 4230 307)
376 4165 408 4214 et
424 4157 484 4233 cirri
493 4155 567 4232 plna
609 4151 728 4212 duntur:
743 4154 895 4233 utrr'ueqae
903 4151 1047 4231 familiae
1062 4152 1122 4209 dak-

48 4236 159 4294 ceterr‘r
169 4238 367 4298 deadulterr'o
384 4250 566 4300 etacousure
610 4241 744 4298 caesione
776 4239 884 4314 quaeri
916 4239 995 4294 lr'cet.
1045 4233 1120 4315 300)

45 4331 176 4396 possunt
191 4331 223 4381 et
239 4321 417 4400 defendere.-
441 4322 507 4383 add.
526 4323 566 4383 ib.
611 4327 718 4383 wari.-
738 4321 823 4381 Goth.
843 4321 962 4380 Helmst.
981 4317 1042 4376 Bai.
