2594 4898
1283 39 1295 331 l

192 553 401 619 commonitus
417 552 508 634 pigra
523 548 689 613 voluntate
703 544 1131 628 distulerit,·appellantibus
1143 545 1254 611 clericis
1293 582 1295 639 i

192 654 414 721 obedientibus
431 651 660 733 episcopusfl),
679 650 760 730 apud
778 650 936 731 synodum
953 653 1025 713 sive
1046 648 1134 732 apud
1149 654 1255 713 metro·
1293 666 1295 689 ¹

191 757 368 839 politanum
391 757 569 834 episcopum
591 752 733 834 tempore
750 753 826 815 anni
841 753 935 816 nnius
953 774 1013 814 nec
1035 752 1178 815 faciendi
1192 751 1257 815 mis·
1293 754 1295 851 ,

193 880 261 923 sam
280 880 338 921 nec
357 856 607 919 communicandi
619 853 741 923 lrabeat
759 856 888 917 omnino
901 852 1080 917 licentiam.
1126 852 1257 935 Presby-

191 962 256 1024 teri
281 965 386 1023 autem
414 960 482 1021 sive
508 959 622 1035 ceteri,
649 955 760 1035 quibus
786 957 890 1018 maior
910 954 1044 1018 bonoria
1067 955 1160 1019 locus
1184 952 1260 1037 ap!

193 1061 327 1124 eandem
353 1056 520 1123 ecclesiam
549 1058 661 1137 fucrit,
690 1059 777 1120 cuius
794 1057 942 1120 sacerdos
964 1056 1104 1136 obierit,
1132 1056 1260 1120 monui

193 1160 407 1226 sollicitudine
436 1182 495 1242 pro
518 1160 679 1253 exsequiis
706 1167 761 1222 aut
785 1160 849 1222 iam
874 1160 1007 1237 mortui,
1029 1159 1093 1222 aut
1119 1161 1259 1222 confimo

193 1266 341 1327 morituri
362 1264 511 1326 antistitis
533 1263 574 1325 ad
591 1261 854 1325 commonendum
871 1262 1055 1340 episcopum
1079 1261 1166 1325 tardi
1181 1262 1260 1323 inve-

194 1366 336 1443 niantur,
356 1373 411 1428 aut
427 1385 486 1445 per
503 1384 717 1444 quamcunque
734 1360 912 1426 molestiam
929 1363 1029 1425 animi
1051 1361 1089 1425 id
1107 1360 1260 1448 negligere

192 1465 449 1547 eomprobentur,
467 1468 565 1529 totius
583 1468 659 1529 anni
676 1467 780 1544 spatio
799 1464 840 1528 ad
857 1464 1093 1545 poenitentiam
1108 1466 1145 1527 in
1161 1484 1261 1528 neu·

196 1569 302 1632 steriis
320 1568 517 1648 deputentur.
794 1564 796 1571 ⁴

193 384 263 450 aba
436 378 601 443 REGth)
620 377 752 447 LIBER
770 376 1021 446 SECUNDUS.

436 1735 474 1801 c
493 1736 536 1801 v.
578 1735 639 1802 aa
660 1735 800 1802 coma
821 1735 974 1802 umam
987 1738 1027 1823 ο).

281 1868 354 1935 Vae
370 1870 437 1951 bis,
462 1875 516 1952 qui
537 1872 660 1938 faciunt
680 1895 759 1954 opus
775 1872 906 1936 Domini
922 1871 1152 1938 fraudulenter
1168 1878 1203 1939 et
1215 1872 1262 1937 de·

195 1973 329 2054 sidiose,
347 1973 549 2055 propheticus
567 1995 672 2039 sermo
690 1979 876 2055 annunciat,
898 1982 941 2054 et,
964 1975 1064 2039 siilli
1080 1998 1147 2040 vae
1167 1978 1261 2040 'mem-
1292 1982 1295 1999 ¹

117 2154 122 2165 Ι
192 2084 284 2156 runt,
304 2078 355 2156 qui
373 2074 569 2161 negligenter
586 2097 665 2158 opos
678 2074 809 2140 Domini
826 2077 962 2156 iaciunt,
982 2078 1072 2158 quod
1085 2077 1261 2159 supplin'u

195 2177 416 2257 merebuntur,
440 2180 493 2258 qoi
516 2180 642 2242 divinae
663 2180 824 2244 servitutis
844 2177 964 2259 ¹cultum
987 2177 1119 2244 malitia
1135 2183 1261 2245 interce·

90 2284 96 2293 '
197 2280 331 2343 cedente
357 2280 397 2344 ab
422 2278 543 2344 altariis
566 2278 686 2344 Christi
711 2278 908 2344 subducunt?
931 2278 1011 2343 lllos
1040 2281 1195 2361 dicimus,
1217 2279 1259 2361 nri
1292 2298 1295 2333 ¹

196 2380 377 2445 obstinatae
393 2383 508 2445 mentis
527 2380 699 2446 dolositate
716 2381 855 2462 contusi,
877 2404 948 2446 cum
965 2381 1081 2462 aliqua
1099 2406 1157 2448 eos
1173 2379 1257 2446 mole·
1289 2358 1295 2419 l

196 2485 259 2546 etia
275 2484 486 2548 fraternorum
502 2486 677 2568 iurgiorum
694 2487 879 2569 pupugerit,
901 2487 1015 2547 insana
1032 2483 1127 2549 illico
1144 2485 1256 2550 tenet

197 2593 264 2647 tate
287 2584 410 2665 abrepti
432 2585 547 2649 altaria
570 2587 741 2664 nudantes,
772 2587 871 2649 sacris
893 2585 1037 2650 vestibus
1062 2596 1201 2665 exuunt,
1220 2584 1255 2648 lr-

196 2686 332 2749 minaria
367 2686 571 2765 subtrahunt,
606 2709 645 2751 ac
680 2689 856 2751 divinorum
886 2685 1121 2753 sacrificiomm
1153 2688 1253 2753 culte!

112 2806 115 2811 ·
195 2786 319 2850 malitia
339 2787 557 2851 intercedente
579 2788 771 2864 subducunt;
798 2798 832 2854 et
857 2790 940 2871 quod
965 2790 999 2852 io
1023 2789 1209 2855 bominibus
1230 2806 1253 2853 Ι
1289 2872 1295 2883 Ι

195 2887 357 2950 vindicare
375 2909 439 2951 non
456 2897 601 2968 possunt,
619 2893 765 2955 iniuriam
781 2890 871 2970 Deo,
891 2890 974 2971 quod
992 2893 1089 2971 peius
1107 2901 1174 2971 eat,
1191 2890 1252 2955 infe·

195 2995 282 3051 runt.
303 2987 407 3065 Unde,
425 2991 452 3052 si
469 2988 648 3054 huiusmodi
663 3013 721 3072 pro
737 2993 879 3059 fraterno
893 2992 966 3055 odio
981 2991 1169 3058 homicidae
1181 2998 1253 3057 mu
1270 2948 1278 3051 l

197 3089 418 3174 adstringitur,
440 3114 498 3172 pro
520 3101 679 3157 contemtu
702 3094 809 3158 divino
832 3094 907 3175 quid
927 3115 1055 3174 poenae
1079 3088 1252 3161 merebitur!

196 3190 324 3256 Etenim
342 3195 434 3257 iuxta
451 3195 534 3274 quod
553 3196 702 3258 divinitus
716 3199 768 3278 ¹³)
786 3217 889 3259 sermo
908 3197 1095 3276 increpitat,
1113 3201 1143 3261 si
1159 3215 1254 3279 peon·
1286 3216 1290 3222 “

195 3296 279 3357 verit
306 3298 355 3357 vir
379 3297 414 3359 in
439 3298 540 3359 virum
565 3295 685 3375 placari
708 3300 827 3377 poterit
851 3295 950 3360 Deus.
1000 3295 1039 3360 Si
1068 3301 1142 3378 quis
1167 3306 1254 3363 aut·

195 3398 375 3475 peccaverit
392 3399 423 3461 in
443 3394 558 3475 Deum,
576 3401 644 3477 quis
662 3421 719 3478 pro
738 3421 777 3462 co
794 3407 959 3482 rogaturus
978 3398 1046 3462 esti
1065 3399 1179 3465 Facile
1195 3414 1253 3483 erp

196 3495 306 3559 talium
325 3499 523 3561 sacerdotum
541 3500 723 3563 excessibus
740 3498 797 3564 illa
808 3499 942 3564 Domini
958 3500 1129 3565 sententia
1145 3508 1253 3582 coapta·

197 3597 299 3677 bitur,
325 3620 388 3678 qua
412 3598 535 3663 malitia
560 3602 759 3664 sacerdotum
784 3604 969 3682 percutitur.
998 3599 1095 3668 Dicit
1117 3602 1252 3687 enin†)=
1286 3621 1290 3627 ’

197 3697 456 3779 Ηοκονῂῖοακτεε
473 3723 521 3766 ure
538 3701 764 3778 boramllcabm
785 3711 843 3789 qui
857 3713 964 3768 autem
986 3714 1198 3770 contemnent
1211 3722 1252 3775 ner
1284 3704 1295 3743 ²

198 3811 292 3864 erum
308 3802 472 3887 agnobilea.
516 3801 701 3884 Quicunque
723 3825 799 3888 ergo
817 3804 1019 3869 sacerdotum
1038 3805 1094 3870 val
1111 3810 1252 3872 minum
1284 3806 1295 3845 ²

196 3928 410 3945 -ψ
1284 3936 1295 3943 ,.

266 4009 293 4055 c.
311 4011 341 4054 v.
375 4011 403 4070 e)
421 4010 972 4075 consuebantur,nan.ann.cse.,a.n.
1268 3986 1274 4081 Ι

327 4120 356 4175 †)
370 4123 390 4162 ¹·
404 4117 470 4164 Sam.
485 4135 505 4165 c.
519 4125 540 4166 2.
554 4135 575 4166 o.
589 4127 622 4167 25.
1267 4112 1295 4249 Ι-

241 4225 704 4312 e.1v.12›0eeunteepe00pt.·
792 4233 825 4292 C.
853 4232 889 4293 V.
927 4236 984 4307 13)
1012 4234 1160 4296 centnm:
1188 4233 1249 4308 llirp

197 4311 267 4371 ibid.
287 4311 361 4371 Coll.
382 4313 442 4373 citt.
