2594 4898
183 344 252 407 am
428 313 592 401 aroino
610 334 742 399 cluna
765 334 1010 398 succinos.

126 530 176 576 159
382 508 436 573 De
452 507 633 592 raptoribus
650 512 808 590 calginem
826 514 860 570 et
875 505 1058 569 uiduarum.

484 644 542 707 Ex
560 640 734 706 Concilio
752 638 952 704 Meldensi.

270 764 426 845 Raptores
443 764 600 846 virginum
616 760 670 825 vel
686 762 866 838 viduarum,
886 760 939 841 qui
956 760 1058 823 etiam
1075 766 1189 839 postea
1202 780 1247 820 vo

185 869 307 931 luntate
332 872 498 947 parentum
525 873 601 943 etc,
627 871 756 949 require
781 871 870 926 retro
896 869 930 925 io
949 869 1059 945 primo
1086 858 1194 926 libello
1216 860 1247 924 de

186 971 388 1036 ordinatione
406 970 605 1044 cleriorum,
624 987 693 1046 cap.
714 960 995 1028 ccccxxvlll.
1093 1035 1100 1043 ,

126 1208 176 1254 mo
450 1185 489 1252 C.
520 1185 670 1251 CLVIII.
722 1185 781 1250 De
802 1187 911 1251 eadem
936 1207 983 1250 re.

471 1337 965 1445 Exeodemfflaprnva)
1042 1391 1046 1397 .

272 1479 308 1543 Si
321 1477 393 1562 ³³⁴)
421 1483 527 1540 autem
555 1477 608 1556 qui
634 1475 770 1539 necdum
787 1496 858 1554 eas,
886 1495 963 1555 quas
980 1481 1157 1554 rapuerant
1173 1477 1246 1557 333),

188 1603 259 1645 cum
277 1579 442 1643 voluntate
459 1587 624 1659 parentum
641 1578 698 1641 sub
716 1577 861 1658 praefato
871 1575 1096 1661 desponsionis
1106 1577 1161 1640 vel
1171 1578 1247 1647 dota·

185 1683 248 1747 litii
262 1683 388 1745 nomine
402 1683 434 1743 in
449 1682 628 1764 coniugium
642 1687 761 1744 sumtus
774 1678 910 1759 habent,
930 1678 1056 1759 qnando
1071 1680 1106 1742 in
1121 1681 1248 1745 omniun

187 1806 279 1848 aures
297 1784 376 1849 haec
393 1783 490 1845 suerit
507 1782 688 1845 constitutio
707 1779 921 1864 promulgata,
940 1779 980 1843 ab
997 1801 1111 1845 earum
1130 1784 1248 1846 coniun-

187 1889 292 1950 ctione
326 1893 525 1964 separentur,
561 1890 594 1948 et
627 1880 777 1962 publicae
807 1876 1021 1962 poenitentiae
1058 1880 1248 1969 subigantur,

186 1998 296 2065 raptae
314 1994 419 2051 autem
436 1985 618 2065 parentibus
628 1984 785 2069 legaliter
801 1987 1019 2049 restituantur.
1056 1983 1140 2050 Post
1157 1994 1249 2050 aotam

186 2110 263 2152 vero
281 2086 438 2168 publicam
455 2089 701 2167 poenitentiam,
725 2088 752 2150 si
770 2094 858 2150 aetas
878 2092 916 2150 et'
926 2089 1164 2151 incontinentia
1181 2108 1247 2151 exe·

187 2193 283 2274 gerit,
312 2188 458 2274 legitimo
490 2197 522 2252 et
553 2206 598 2252 ex
627 2191 766 2270 utrisque
791 2189 935 2268 partibus
961 2187 1082 2269 placito
1111 2188 1247 2274 coniugio

187 2294 369 2357 socientur..
402 2288 487 2354 Nam
507 2293 542 2363 in
562 2291 613 2354 his
630 2312 694 2354 non
711 2290 855 2375 regulam
873 2292 1111 2371 constituimus,
1135 2293 1209 2372 sed,
1222 2296 1249 2353 ut
1292 2360 1293 2381 ¹

187 2394 294 2457 verbis
311 2394 417 2476 magni
435 2391 555 2455 Leonis
572 2399 713 2471 utamur,
733 2393 807 2473 quid
819 2395 862 2456 sit
875 2391 1091 2473 tolerabilius,
1111 2396 1248 2459 aestimo·

187 2516 268 2558 mus.
312 2493 436 2569 Quodsi
453 2515 535 2557 unns
553 2516 598 2558 ex
615 2497 791 2578 coniugatis
810 2495 942 2574 obierit,
962 2497 1004 2573 is,
1029 2497 1083 2575 qui
1099 2495 1249 2576 publicant

187 2599 415 2675 poenitentiam
438 2598 555 2679 egerit,
578 2604 611 2660 et
631 2607 790 2676 superstes
814 2592 1135 2675 exstiterit‚'iterare
1153 2599 1248 2661 conia·

187 2700 273 2782 giam
289 2719 354 2760 non
371 2706 568 2777 praesumat,
592 2701 654 2762 nisi
671 2699 755 2762 forte
778 2702 943 2780 episcopus
964 2700 1180 2779 praeviderit,
1202 2697 1249 2762 ali-

188 2821 280 2878 quam
298 2801 473 2864 concedere
490 2799 733 2886 indulgentiam,
751 2808 788 2866 ut
800 2804 980 2886 graviorem
992 2804 1096 2882 possit
1110 2819 1249 2867 amovere

189 2901 354 2964 offensam.

492 3124 529 3189 C.
550 3122 668 3190 CLIX.
711 3123 766 3189 De
782 3126 892 3190 eodem
908 3148 954 3190 re.

443 3277 499 3340 Ex
526 3279 672 3393 eodem,
701 3300 778 3358 cap.
804 3276 940 3342 LXVI.
956 3279 996 3361 11).

274 3410 338 3487 Qui
363 3435 441 3476 vero
468 3414 615 3495 deinceps
636 3436 749 3494 rapere
770 3417 910 3500 virgines
935 3417 1189 3494 praesumserint
1207 3412 1251 3478 vel

187 3515 312 3593 viduas,
339 3517 512 3580 secundum
536 3516 726 3598 synodalem
751 3517 837 3580 beati
864 3516 1011 3603 Gregorii
1039 3514 1251 3583 definitionem

185 3619 248 3695 ipsi
266 3623 298 3678 et
315 3617 482 3698 complices
502 3640 609 3681 eorum
627 3618 950 3698 anathematizentur,
974 3625 1009 3684 et
1023 3625 1175 3699 raptores
1192 3621 1250 3683 siro
1282 3660 1287 3685 ι

186 3737 243 3796 spe
261 3720 398 3802 coniugii
414 3730 565 3800 perpetuo
584 3729 746 3784 maneant.
1002 3702 1009 3717 ’

255 3992 282 4037 c.
301 3991 408 4037 cnvru.
442 3992 465 4052 t)
483 3995 546 4042 aaa
560 4009 619 4044 ann.
634 3998 836 4047 ara-auron.
852 3998 897 4047 rx,
913 4000 953 4045 ao.
968 3993 1035 4062 (a),
1048 3999 1130 4049 neor.
1139 3999 1204 4045 vm
1216 3994 1251 4042 π.

185 4057 895 4127 (B.),Pan.vl.56.(D.)‚e.xxxv1.q.2.a.10.(1).).

256 4129 283 4174 C.
303 4128 388 4174 CLIX.
425 4128 453 4190 u)
471 4130 564 4178 Burch.
574 4131 618 4179 IX.
629 4133 669 4181 34.
680 4129 1049 4197 (R.)‚Decr.Vlll.1‘l2.(B.).

231 4278 264 4339 C.
289 4267 417 4344 CLVlll.
445 4281 598 4366 334)1ιι·.·
624 4287 699 4365 orig.
744 4292 819 4362 335)
837 4296 1020 4367 rapuerunt:
1040 4285 1120 4347 llild.
1139 4286 1202 4348 Bal.
1243 4324 1249 4351 ;

1209 4620 1214 4635 ’
1270 4578 1293 4763 l
