2580 4890
94 346 170 415 ⁴⁰0
339 342 505 407 uuoltin
526 340 658 405 utnun
676 341 928 407 SECUNDUS.

95 517 227 593 sistant,
249 533 306 592 ne,
327 512 355 575 si
373 512 547 592 nudentur,
563 508 658 591 locis,
674 512 708 575 in
725 510 839 593 quibu
858 513 932 579 dati
949 512 1085 597 fuerint,
1096 536 1166 581 aas.

96 618 163 682 rosi
188 616 262 679 sint.
320 611 355 677 Si
382 615 434 694 qui
459 619 605 693 parentes
630 614 665 677 in
690 616 898 693 possessione
926 614 1070 697 habent,
1086 618 1167 701 ἠὺ

97 736 278 783 resectum
294 714 468 780 tradendae
484 721 573 795 sunt,
599 722 637 779 ut
655 715 690 779 in
705 716 783 797 ipsis
801 712 969 783 ecclesiae
981 720 1038 805 ⁶’)
1054 740 1168 785 eom

97 825 220 883 ventur.

185 950 410 1018 Sacerdotibus
418 960 455 1033 ¹³)
472 958 579 1017 autem
595 974 658 1016 uon
677 958 811 1017 externa
823 955 879 1041 ⁷⁰)
896 962 1068 1035 potestate
1083 956 1167 1021 doni·
1198 986 1200 995 ·

99 1078 159 1121 nus
184 1054 370 1118 violentiam
395 1053 591 1139 interitu),
622 1053 678 1117 sed
709 1051 886 1120 excellenti
917 1058 1167 1125 considentium

99 1165 229 1240 propter
245 1177 332 1234 eunt,
356 1157 443 1218 cuius
460 1156 545 1218 servi
562 1162 651 1235 sunt,
673 1156 718 1219 eis
735 1159 781 1220 ita
799 1157 1011 1241 dominetur,
1036 1169 1073 1226 nt
1087 1162 1167 1227 otiu

101 1259 240 1325 debitum
266 1258 480 1322 reverentiam
505 1256 674 1337 impendat.
725 1255 810 1322 Nam
835 1260 872 1323 in
902 1260 1027 1327 divinis
1053 1260 1166 1345 eloquiis

78 1361 282 1428 sacerdotes
303 1356 472 1440 aliquando
495 1355 567 1438 Dii,
594 1357 764 1439 aliquando
791 1360 903 1445 angeli
925 1373 1099 1429 vocantur.
1133 1362 1166 1429 lt

99 1486 158 1546 per
173 1461 312 1545 Moysen
330 1461 370 1525 de
388 1481 442 1541 eo,
466 1461 518 1540 qui
536 1460 575 1525 ad
592 1463 801 1525 iuramentum
819 1462 1038 1531 deducendus
1054 1472 1111 1547 est,
1129 1465 1164 1529 di-

102 1568 184 1632 citur
191 1564 251 1652 †):
277 1562 418 1648 Applico
442 1564 531 1628 illunc
553 1562 599 1627 nd
612 1560 714 1642 Deos,
741 1560 897 1630 videlicet
918 1566 967 1631 ad
989 1568 1162 1633 sacedotes

101 1668 145 1733 Et
164 1687 289 1732 rursum
297 1662 384 1751 ††):
419 1662 497 1729 Dos
521 1676 584 1729 noo
605 1664 769 1745 detrudet,
795 1665 921 1733 scilicet
951 1668 1161 1735 sacerdotii!

101 1770 145 1834 Et
170 1765 431 1853 prophetaffi)
451 1768 508 1831 ait:
533 1765 641 1832 Ladan
660 1767 836 1833 sacedon
864 1772 1064 1846 eeetodaitnt
1081 1778 1161 1837 ecies·

103 1878 194 1949 tcum,
216 1879 252 1934 et
267 1870 368 1953 legen
384 1871 615 1955 requirerem)
634 1890 679 1935 ea
692 1891 746 1935 ore
762 1876 842 1951 eiua,
861 1879 944 1959 quia
962 1876 1099 1961 angeles
1113 1872 1160 1939 ne

103 1978 183 2037 ηἰπί
197 1977 398 2037 conatuum
414 1980 473 2035 eet.
508 1967 594 2047 Quid
612 1992 688 2057 ergo
706 1973 829 2052 mirum,
848 1974 878 2036 si
895 1972 976 2040 iilos
992 1984 1103 2041 vestra
1115 1977 1160 2057 pie·

103 2083 155 2140 tas
171 2072 320 2158 dignetur
335 2071 511 2152 honorare,
539 2074 651 2154 quibus
672 2075 706 2138 in
723 2095 781 2138 suo
799 2072 930 2156 eloquio
951 2075 1109 2143 honorem
1121 2077 1160 2142 ui·

103 2175 215 2256 buenu
234 2196 290 2240 eoa
308 2181 364 2239 aut
381 2174 524 2260 angelos,
541 2182 597 2240 aot
612 2173 703 2241 Deos
719 2176 786 2257 ipae
804 2178 904 2240 etiam
923 2178 1159 2261 appellatDn

102 2277 331 2345 Ecclesiastico
355 2284 490 2341 testatur
516 2277 662 2358 historia,
689 2279 778 2358 quia,
805 2299 878 2343 cum
903 2281 984 2360 piae
1009 2283 1161 2347 mernor‘ut

105 2377 317 2445 Constantino
333 2380 467 2461 principi
488 2377 616 2444 oblatae
638 2381 856 2444 accusationes
876 2390 997 2447 contra
1020 2386 1162 2467 episcope

104 2482 255 2561 fuissem,
281 2479 409 2546 libutius
431 2481 555 2562 quidem
582 2482 789 2545 accusationis
811 2485 954 2564 accepit,
982 2492 1018 2551 et
1044 2486 1162 2562 eorde,

106 2587 159 2667 qui
180 2587 320 2649 accusati
340 2584 481 2662 fuerant,
509 2584 673 2664 episcopos
696 2604 890 2665 convocans,
918 2588 956 2650 in
979 2609 1094 2653 eorum
1108 2608 1163 2653 cor

106 2694 214 2768 spectu
233 2684 376 2763 libellos,
404 2706 483 2765 quos
511 2693 690 2765 acceperat,
715 2686 857 2750 incendit
882 2687 1012 2754 dicenst
1042 2690 1111 2756 Vos
1127 2686 1163 2751 nt

106 2790 199 2867 estis,
226 2810 246 2851 a
262 2809 337 2851 vero
355 2784 427 2850 Deo
450 2789 624 2851 constituti.
669 2785 732 2866 ite,
760 2794 792 2850 et
812 2789 897 2852 inter
919 2811 980 2855 vos
998 2814 1112 2858 causas
1124 2811 1162 2855 ve

106 2895 190 2952 atras
216 2889 390 2968 disponite,
422 2890 495 2969 quia
521 2888 648 2972 dignum
675 2911 738 2953 non
764 2896 826 2968 est,
857 2899 893 2954 ut
920 2913 983 2957 uos
1011 2896 1161 2960 iudicans

106 2987 207 3054 Deus.
243 2989 423 3070 Antiquitas
440 2993 474 3053 in
491 2990 654 3072 republica
670 2993 824 3071 principes
840 2991 984 3076 fuerunt,
1004 2998 1060 3077 qui
1075 3012 1161 3062 veru!

105 3089 211 3155 Deum
233 3093 410 3157 nescientes
428 3090 516 3157 Deos
537 3092 660 3177 ligneos
679 3101 711 3157 et
726 3091 871 3172 lapideos
889 3094 1061 3180 colebant,
1086 3104 1161 3165 etta·

106 3215 178 3258 men
198 3216 308 3258 eorum
324 3193 542 3281 sacerdotibus
561 3194 712 3259 honorem
729 3197 904 3277 maximum
923 3199 1111 3265 tribuerunt.

192 3330 276 3395 Hinc
285 3335 317 3414 ¹)
335 3338 384 3395 est
401 3351 493 3414 ergo,
517 3330 610 3411 quod,
634 3333 775 3410 exceptis
794 3332 999 3419 caninibus,
1024 3337 1161 3402 nemim

177 3639 212 3701 w)
229 3641 339 3702 Regirtr.
357 3643 384 3688 1..
398 3643 429 3691 V.
447 3643 493 3702 Ep.
509 3643 549 3688 4⁰.
566 3642 628 3703 (sor.
645 3656 704 3689 nnn.
715 3644 782 3701 595,
799 3643 931 3692 Mauricio
949 3645 1119 3708 imperatun’),
1132 3642 1159 3690 ed·

108 3709 192 3757 Maur.
199 3737 227 3746 -
238 3711 299 3758 Ans.
309 3712 351 3758 Vt.
362 3713 429 3771 195,
440 3711 467 3759 0.
476 3711 520 3756 Xi.
530 3725 554 3769 q.
564 3713 587 3758 1.
598 3724 620 3757 a.
629 3711 671 3758 at.

177 3779 209 3840 x)
227 3777 333 3826 lohanu.
342 3772 415 3827 Diuo.
425 3779 485 3827 Vita
495 3780 600 3839 Gregor.
609 3780 652 3840 Μ.,
662 3779 742 3828 1..1v.
752 3792 775 3828 c.
785 3778 826 3824 2⁸1.

183 3948 186 3954 ‚
198 3905 264 4067 'xc
277 3907 352 3952 Eucti.
367 3921 387 3951 c.
400 3910 434 3951 22
448 3920 469 3952 o.
484 3912 504 3951 8.

253 3957 311 4011 Hb.
324 3971 346 4001 o.
360 3963 393 4002 ²8.

256 4009 386 4062 malasci.
400 4022 420 4053 c.
433 4012 454 4052 2.
468 4022 490 4051 o.
505 4013 524 4053 t.

153 4131 188 4190 C.
208 4131 341 4191 XXXVl.
365 4136 418 4204 69)
442 4134 510 4191 iura
528 4137 616 4193 ecco:
663 4139 750 4196 citius
768 4137 963 4213 tiedignetur:
992 4139 1033 4200 ib.
1076 4142 1122 4209 72)
1135 4138 1192 4257 ‘i'

110 4216 184 4294 orig.
230 4220 283 4287 70)
311 4235 350 4274 eu
377 4227 515 4276 terrena:
545 4220 619 4296 orig.
739 4223 914 4300 reponunt.-
936 4223 1015 4285 Hidd.
1035 4222 1091 4285 Bal.

111 4299 274 4363 cottciu.
328 4307 384 4374 71)
413 4303 489 4361 doto.
519 4314 620 4363 noster
