2594 4898
179 358 254 423 510
427 344 594 410 lilllllllll
612 340 745 404 ntaatt
763 336 1011 402 SECUNDUS.

182 544 255 591 eom
275 518 493 603 presbyteram
513 520 673 590 nostrum,
694 517 730 575 et
744 508 854 573 literas
870 508 1138 571 commonitorius
1157 503 1240 570 semel

183 627 351 703 etiterum
374 628 469 699 atqua
487 618 599 694 tertio,
619 615 792 677 invitantes
813 628 886 673 enm
908 610 1066 672 canonice
1090 608 1135 673 ad
1152 628 1241 672 men·

183 728 343 793 dationem
370 730 403 785 et
427 719 675 784 satisfactionem
704 722 739 777 at
767 712 1014 793 poenitentiarii,
1046 712 1243 792 cortipientes

184 848 257 895 eum
281 833 416 906 paterno
441 823 569 885 effectu.
614 816 679 881 Sed
700 818 784 895 ipse,
811 812 891 895 proh
913 811 1021 891 actor,
1048 811 1243 877 diabolares

78 970 85 991 ,
185 932 253 995 eius
270 927 454 1001 indurante,
472 922 593 985 monita
610 918 762 982 salutaria
778 919 912 997 sprevit,
930 923 965 979 ct
980 917 1016 979 ln
1033 922 1153 997 coepta
1168 913 1245 979 nurli·

185 1035 232 1096 tia
249 1046 456 1111 perseverans
475 1021 628 1086 ecclesiae
637 1019 711 1099 Dei,
731 1038 824 1099 quam
840 1017 946 1098 laesit,
964 1016 1140 1098 superbitle
1151 1020 1247 1099 spiritu

186 1131 330 1209 inflatus,
352 1125 536 1191 satisfacere
558 1123 756 1215 dedignatur.
808 1119 859 1184 De
880 1118 1000 1185 talibus
1023 1121 1139 1201 itaque
1159 1127 1249 1185 nans
1289 1136 1292 1179 ι

187 1230 386 1321 grmoribus
417 1234 451 1290 et
479 1228 609 1289 san'ctae
640 1221 804 1307 religionis
837 1224 1001 1303 pacisque,
1038 1242 1139 1303 quam
1168 1220 1249 1289 clui-
1288 1254 1292 1312 :²

188 1335 341 1414 strum)
367 1332 432 1394 suis
454 1326 615 1407 discipulis
640 1324 728 1388 dedit
750 1330 844 1404 atque
861 1322 1007 1403 reliquit,
1034 1322 1250 1403 violatoribu
1288 1354 1292 1398 ι

187 1445 355 1519 praecepta
372 1431 529 1494 dominice
546 1436 580 1492 et
596 1424 769 1507 apostolica
785 1424 954 1502 habemus,
974 1424 1092 1504 quibus
1109 1427 1250 1491 inform
1288 1464 1293 1479 ·

188 1540 275 1617 nior,
305 1533 379 1617 quid
409 1532 449 1595 de
479 1529 696 1595 huiuscemodi
725 1525 1032 1609 praevaricatoribus
1070 1536 1171 1611 agere
1202 1548 1250 1591 nos
1288 1564 1293 1618 ,²

190 1645 348 1721 oporteat.
411 1632 468 1697 Ait
490 1632 576 1695 enim
595 1628 755 1695 Dominus
775 1631 808 1692 in
831 1626 1069 1715 evangelio†):
1091 1627 1134 1695 δι’
1146 1650 1251 1715 peocs·
1289 1666 1293 1703 ς

190 1745 276 1807 onst
291 1745 327 1805 sis
344 1736 505 1815 tefroter
522 1742 612 1812 taus,
629 1740 754 1817 compe
770 1750 849 1797 ersa·
896 1730 1042 1810 Fratres,
1066 1733 1103 1796 in
1119 1753 1251 1813 unoquo·
1289 1768 1293 1785 ι

193 1862 254 1922 que
266 1842 338 1921 ¹⁵⁰)
357 1844 500 1901 nostrum
517 1843 641 1915 peccat,
665 1836 717 1914 qui
738 1836 771 1896 in
793 1840 934 1897 sanctam
952 1832 1127 1897 ecclesiam
1144 1840 1251 1916 peceat·
1289 1870 1294 1905 ς

193 1943 228 2007 si
255 1942 340 2005 enim
365 1944 477 2001 sancta
502 1936 639 2002 ecclesia
664 1957 760 2000 unum
786 1956 899 2015 corpus
918 1942 981 2013 est,
1010 1936 1102 1999 cuius
1120 1939 1250 2017 corperis
1290 1920 1293 1927 ,

194 2050 288 2124 caput
307 2038 451 2105 Christus
470 2046 533 2118 est,
552 2034 668 2123 singuli
681 2044 787 2102 autem
804 2054 910 2101 snmus
923 2034 1005 2100 alter
1018 2034 1156 2125 alterins
1169 2060 1252 2123 mem

192 2147 268 2225 bra,
294 2146 327 2208 et
352 2143 530 2225 quumffl)
555 2142 675 2221 patitur
699 2160 795 2203 unum
816 2138 1006 2217 membrum,
1028 2142 1253 2222 compatientia

193 2249 302 2313 omnis
326 2243 485 2323 menbra,
512 2240 622 2323 procul
647 2240 743 2305 dubio
764 2242 799 2305 in
816 2261 875 2305 nos
892 2242 1105 2335 peccat,-qni
1127 2240 1254 2309 muln
1289 2282 1295 2311 ι.

196 2345 430 2414 cauclearii.
465 2344 559 2409 lubet
575 2364 653 2429 ergo
668 2340 838 2423 Dominus,
855 2350 892 2407 ut
907 2342 1020 2423 freter,
1037 2344 1075 2407 id
1092 2350 1158 2426 est,
1177 2342 1254 2409 curt
1289 2384 1295 2403 .

194 2454 331 2528 stiones,
353 2450 386 2511 in
408 2468 468 2512 nos
490 2465 641 2527 peccans,
662 2446 764 2526 primo
781 2450 904 2509 secrete
919 2446 1128 2528 corripiatur,
1153 2444 1254 2512 deinlt

195 2574 266 2619 curn
286 2549 422 2616 testibus
443 2549 668 2633 redarguatur,
690 2549 862 2612 novissime
878 2548 912 2611 in
929 2556 1092 2613 conventu
1112 2546 1255 2615 ecclesis·
1291 2536 1295 2545 ¹

193 2652 320 2736 publice
337 2652 554 2717 conveniatur.
599 2646 724 2725 Quodsi
740 2648 797 2713 lras
815 2656 880 2714 tres
898 2649 1256 2737 admonitioncsffllst

195 2758 265 2836 plan
299 2753 514 2832 correptiones
549 2752 724 2817 contemnit
753 2759 787 2816 et
811 2751 996 2815 satisfacere
1031 2752 1174 2833 despicit
1186 2752 1255 2841 ἡ),
1292 2822 1296 2833 ,

193 2864 267 2941 post
284 2854 364 2918 hoec
380 2861 424 2917 rit
443 2850 518 2934 tibi,
537 2856 652 2934 inquit,
674 2860 762 2919 sicat
777 2853 1023 2937 etlns'crssffl),
1046 2853 1082 2918 id
1101 2864 1172 2935 est,
1193 2874 1256 2943 gen·

196 2954 265 3021 tilis
291 2963 384 3035 atque
409 2974 567 3038 paganus,
591 2963 629 3021 ut
652 2975 717 3020 non
738 2958 802 3019 lam
823 2977 881 3037 pro
903 2953 1104 3036 Christiano,
1133 2954 1194 3023 sed
1211 2972 1257 3041 prs
1292 2946 1296 3013 ζ

196 3076 321 3143 pagano
347 3055 516 3130 hebertum
543 3059 634 3123 etin
660 3056 723 3121 alio
749 3056 821 3122 loco
842 3056 1031 3136 membrum,
1060 3058 1151 3140 qnod
1173 3064 1258 3125 ιη’

203 3180 355 3244 compage
381 3157 566 3237 resolvitur,
592 3166 626 3222 et
643 3181 663 3221 a
679 3160 824 3223 iunctura
840 3160 982 3223 caritatis
1000 3158 1214 3243 dimanant,
1234 3166 1259 3225 et

201 3280 295 3325 omne
313 3280 424 3340 corpus
441 3257 649 3340 scandalizat,
666 3258 823 3324 Dominus
839 3260 984 3325 abscindi
995 3268 1028 3324 et
1041 3264 1161 3342 preliei
1172 3262 1258 3339 lubet,

201 3361 434 3448 dicons†††):
457 3361 497 3426 St
516 3358 624 3425 oculas
640 3366 694 3427 cel
706 3374 817 3429 annm
832 3364 888 3427 ccl
895 3382 955 3447 per
973 3358 1049 3427 luas
1064 3356 1259 3431 wondslast

200 3476 244 3545 te,
253 3486 331 3532 crue
343 3482 413 3529 coss
425 3474 459 3528 ct
462 3462 652 3549 proiiccods
661 3474 704 3530 te.
726 3464 770 3530 Et
778 3460 1258 3551 Apostolusffipdsserte,
1285 3504 1288 3519 ι

348 3732 459 3787 lMcttlr.
474 3747 493 3778 c.
508 3737 541 3778 18.
555 3747 577 3777 o.
592 3737 625 3778 15.

351 3786 428 3847 ulid.
443 3798 463 3829 r.
477 3790 510 3829 18.
524 3798 546 3828 o.
561 3787 593 3831 tl.

353 3836 430 3939 {soso
444 3849 466 3879 o.
480 3841 500 3880 8.
515 3840 535 3880 t.

378 3889 399 3928 t.
414 3886 499 3931 Gens.
513 3890 562 3930 Μ
563 3888 617 3931 ..1³

244 4025 277 4084 C.
310 4023 475 4085 ccccxss.
515 4032 593 4101 749)
630 4031 709 4106 ipse.-
749 4040 834 4109 poa:
827 4028 929 4090 ·llild.
972 4034 1048 4109 752)
1065 4036 1259 4095 commonitio·

202 4106 268 4169 arld.
295 4108 371 4168 llild.
398 4106 462 4169 Bal.
507 4116 581 4184 750)
609 4132 710 4171 unum·
753 4135 822 4175 nes:
843 4115 966 4195 Gnelplr.
982 4116 1089 4177 Vienn.
1110 4120 1187 4179 Coll.
1205 4120 1257 4178 citt.

202 4215 358 4274 quemque:
380 4192 486 4254 Borch
505 4194 592 4255 Decr.
634 4202 707 4271 751)
695 4202 1076 4280 >753letpobl1i=omc
1067 4202 1156 4264 ·sdd.
1162 4202 1257 4263 Bnrcl
1288 4156 1293 4286 l

202 4284 397 4362 cornpotrsstar
415 4301 490 4341 omn.
511 4280 618 4355 eoru„
642 4285 709 4343 dum
753 4283 840 4345 llccr.
