2580 4890
354 370 844 470 rnxuranounrronre
1094 395 1131 443 ῃ

61 559 116 607 res
139 559 184 606 ex
204 544 330 618 patrruu
350 537 635 605 ecclesiasticorum
655 541 779 621 scriptis
800 514 980 625 regaisique
1000 543 1132 613 conflati

62 648 153 720 sunt,
176 648 304 721 quartus
326 663 402 708 vcro
426 663 495 722 „ex
511 664 674 709 sacrorum
691 664 846 709 canonum
865 643 1131 714 orthodoxorum·

62 766 123 826 que
139 751 264 827 patrum
281 746 457 814 instituam
474 732 658 825 decerptus,
680 744 766 813 solus
785 768 805 811 a
821 744 985 830 Reginona
1007 749 1131 817 adhibi·

61 853 113 914 tus
133 855 198 926 est,
221 853 319 927 atqua·
337 849 370 913 in
387 847 547 915 nonnullis
567 846 669 913 Codri.
691 856 875 933 segregatus
893 872 913 912 a
930 851 1029 917 tribus
1047 854 1131 932 prio·

60 950 150 1017 ribus
168 948 267 1030 libris,
286 972 357 1013 cum
374 949 573 1030 collectione,
595 973 678 1031 quae
696 952 810 1032 dicitur
822 951 1036 1032 Dachariana,
1056 975 1130 1021 eon·

59 1054 185 1117 iunctus
206 1054 419 1135 invenitur*).
467 1053 518 1121 De
540 1061 671 1119 auctore
693 1053 872 1121 Vaticanae
894 1054 971 1121 nihil
990 1062 1129 1135 constat,

59 1174 135 1221 uam
154 1153 340 1234 spelmanni
358 1159 481 1235 opinio,
504 1159 555 1236 qui
572 1157 747 1240 Egbertum
765 1155 917 1238 appellat,
935 1160 999 1222 iam
1017 1180 1037 1223 a
1053 1158 1130 1225 Bal·

58 1253 198 1334 leriniis‚
226 1263 259 1319 et
285 1255 454 1336 Theineri,
482 1260 535 1338 qui
558 1256 776 1325 Bruchardum
796 1260 1085 1340 wormatiensem,
1111 1282 1131 1328 a

57 1378 111 1427 me
135 1358 198 1422 loc.
222 1359 275 1423 cit.
297 1360 376 1422 satis
399 1359 555 1440 refutatae
577 1368 664 1434 sunt3
692 1369 832 1427 ceterum
847 1364 1034 1441 ‘conscripta
1050 1383 1131 1427 ¹esse

57 1462 187 1526 ridetur
206 1462 240 1523 in
260 1459 364 1524 Gallia
385 1470 458 1541 post
478 1450 616 1527 medium
638 1461 780 1529 seculum
798 1469 960 1542 octavum,
982 1466 1132 1545 quoniam

57 1559 168 1629 Bedae
188 1570 220 1625 et
236 1561 382 1644 Gregorii
400 1585 497 1642 opera
510 1566 729 1627 recentissima
742 1571 816 1627 sunt
829 1565 1030 1645 documenta,
1050 1588 1130 1647 quae

59 1667 157 1728 citata
178 1666 333 1727 invenies·
379 1662 470 1738 Quae
493 1665 655 1744 collectio,
684 1673 834 1745 quantum
860 1689 880 1730 a
902 1665 1068 1752 Reginone
1088 1671 1131 1734 sit

59 1766 203 1832 adhibita
225 1775 257 1830 et
280 1764 435 1846 expilata,
457 1769 522 1831 iam
545 1771 695 1852 nuper*”)
713 1771 866 1848 exposui,
889 1770 945 1833 sed
962 1778 1129 1850 praeterea

59 1860 90 1934 et
107 1891 151 1934 ex
169 1868 228 1933 hac
246 1871 315 1948 ipsa
333 1869 496 1949 apparebit
512 1892 584 1935 mea
597 1872 748 1949 aditione,
767 1878 800 1934 et
813 1869 949 1936 stabula
962 1864 1129 1954 synopticrl

58 1973 90 2039 in
107 1970 335 2051 Appnaddita,
360 1994 421 2052 qua
442 1975 522 2037 ratio
547 1975 735 2053 exponitur,
760 1995 840 2053 quae
862 1981 912 2037 est
932 1976 1017 2038 inter
1033 1975 1129 2060 Regia

60 2076 151 2138 nonis
171 2095 247 2154 opus
266 2081 300 2137 et
315 2076 501 2155 praecipuas
521 2097 676 2139 canonum
690 2073 895 2142 collectiones
913 2084 988 2140 ante
1008 2083 1130 2158 etpost

58 2197 129 2241 cum
146 2178 331 2243 adornatas

142 2278 276 2344 Praeter
285 2278 477 2345 Vaticanam
485 2279 608 2364 Regino
626 2279 815 2344 collectione
830 2283 959 2363 antiqua
972 2302 1130 2349 canonum

57 2381 331 2463 poenitentialium
354 2404 428 2445 usus
447 2390 511 2460 est,
535 2403 628 2461 quam
646 2381 744 2445 tribus
762 2381 852 2446 libris
871 2383 1131 2463 comprehensam

57 2483 216 2566 d'Achery
246 2486 280 2548 in
308 2483 551 2568 Spicilegi0***)
583 2482 681 2546 edidit
707 2481 962 2563 (Dacherianam
991 2482 1131 2569 breviter

56 2585 281 2671 appellamus),
309 2594 342 2650 et
361 2584 534 2670 Halitgarii
556 2583 797 2650 Cameracensis
821 2585 959 2664 episcopi
980 2583 1130 2665 compila-

55 2687 211 2773 tione†),
231 2711 310 2768 quaa
326 2697 459 2768 utraque
475 2690 559 2753 inter
577 2709 612 2752 se
631 2693 663 2751 ct
676 2708 746 2751 cum
756 2683 914 2751 Vaticana
923 2689 1038 2753 intima
1052 2708 1128 2752 con·

54 2793 182 2856 iunctae
210 2799 284 2855 sunt
310 2794 514 2876 cognatione,
543 2812 604 2870 qun
629 2790 670 2853 de
695 2811 730 2853 re
755 2791 803 2854 in:
830 2788 937 2855 Ber'tr.
959 2795 1051 2874 μθ.
1075 2795 1127 2856 10.

55 2895 192 2957 tractavi
215 2900 309 2974 atque
332 2893 424 2957 simul
444 2916 482 2957 ea
500 2894 684 2959 enumeravi
701 2893 822 2970 capita,
846 2912 927 2971 quae
944 2891 1067 2979 Regino
1084 2910 1127 2957 ex

55 2994 117 3061 illis
137 2996 299 3061 desumsit.
323 2990 464 3079 Quartus
482 2998 614 3075 denique
627 2993 833 3059 fonsRabani
847 3000 896 3058 est
909 2993 1126 3081 epistola††)

55 3099 96 3165 etl
114 3090 327 3163 Heribaldum
347 3098 642 3163 Autisiodorensem
664 3100 859 3177 episcopum,
886 3097 942 3159 sed
964 3096 1128 3161 nihilomi-

55 3220 113 3267 nus
140 3200 233 3280 plura
258 3203 390 3283 insuper·
410 3208 533 3267 restant
559 3200 641 3281 apud
664 3198 860 3284 Reginonem
881 3200 1061 3282 fragmenta
1083 3220 1128 3263 ex

56 3303 197 3368 conciliis
217 3303 364 3386 Graecis,
381 3304 560 3382 Africanis,
583 3301 731 3383 Gallicis,
749 3301 918 3382 Hispanis,
938 3321 983 3365 cx
998 3298 1127 3381 pontifi·

56 3482 271 3498 -υ-ι-

123 3593 152 3663 ⁸)
170 3597 204 3645 Ε.
214 3612 239 3659 g.
249 3598 275 3647 in
286 3598 347 3646 cod.
356 3599 415 3656 Nat.
426 3598 502 3646 1347.
511 3597 537 3642 et
547 3594 646 3643 Cassia.
657 3593 715 3641 552.
724 3615 759 3626 -
772 3589 847 3639 Haud
860 3588 1129 3654 dubierimililtegino

57 3666 151 3713 codice
168 3669 306 3726 utebatur,
328 3669 389 3726 quia
408 3670 434 3713 et
453 3680 487 3714 ex
506 3664 561 3711 solo
576 3663 661 3710 hausit
679 3662 771 3720 quarto
790 3661 868 3720 libro,
887 3662 914 3708 et
927 3675 961 3708 ex
975 3661 1129 3724 collectione

56 3734 136 3785 nach.
145 3760 182 3769 —
191 3736 253 3782 cod.
264 3735 380 3784 biblioth.
391 3736 460 3794 publ.
470 3734 655 3782 civit.'l'1·ever.
665 3732 723 3777 144.
737 3733 790 3776 tres
806 3730 903 3789 priores
914 3732 1014 3777 tanturn
1024 3733 1130 3781 exhibet

55 3801 147 3862 libror,
169 3805 216 3851 sed
236 3805 342 3853 tertium
359 3804 488 3851 mutilum.
500 3827 529 3836 -
540 3805 570 3848 In
584 3801 715 3849 coavat.
730 3801 803 3845 1352.
822 3802 849 3845 et
864 3800 952 3849 oxon.
967 3795 1129 3865 (Spelmann,

57 3871 153 3922 concil
162 3872 229 3922 Brit.
238 3874 313 3923 Tom.
321 3875 340 3921 1.
351 3888 375 3932 p.
386 3868 455 3934 275.)
466 3884 554 3938 omnes
564 3873 676 3929 quatuor
685 3869 793 3915 exstent
802 3867 871 3916 libri.

117 3969 169 4036 ¹ll),
179 3975 280 4035 Ber'tr„
296 3991 321 4035 p.
330 3978 355 4024 8.

117 4072 180 4141 m)
199 4076 248 4126 Ed.
257 4080 289 4126 11.
298 4078 380 4128 Paris.
391 4079 466 4123 1123.
477 4078 523 4125 fol.
533 4079 605 4126 Tam.
615 4079 634 4125 1.
645 4091 669 4135 p.
679 4078 737 4122 510.
747 4088 815 4134 seqq.

57 4247 81 4297 a
115 4178 158 4296 138
164 4179 256 4229 Garis.
267 4180 386 4228 Lectica.
400 4182 469 4243 ant,
480 4180 519 4230 ed.
533 4183 552 4229 1.
566 4177 905 4240 Branoge.Antverp.1‘125.
918 4174 963 4226 iol.
979 4178 1050 4225 Torn.
1061 4179 1090 4226 ΙΙ.
1100 4177 1127 4223 Ρ.

89 4262 114 4311 p.
160 4263 252 4310 aequ.

117 4351 169 4413 st)
187 4354 319 4413 Imprem
333 4353 372 4399 ert
381 4350 449 4398 inter
460 4351 508 4398 cet.
519 4350 544 4396 in
555 4352 617 4408 App.
628 4349 660 4396 art
669 4350 758 4411 Regin.
768 4349 809 4398 ert.
819 4349 907 4396 {latua
919 4345 1000 4394 Paris.
1018 4344 1093 4392 1511.
1104 4345 1127 4390 8.
