2594 4898
361 364 446 450 app.
464 362 515 429 ιιι.
534 330 608 449 ap.
626 365 932 455 xxxvio-xm.
1112 372 1182 441 roc

105 542 301 603 extraneum
323 535 449 601 debetis
471 558 636 618 maerere,
658 545 714 604 aut
734 542 893 620 quomodo
914 542 1018 622 ipsum
1044 546 1202 613 anctcrl·,

104 647 178 704 tata
199 641 424 720 scripturorum
447 638 656 721 confirmetis,
681 642 740 706 sed
762 662 804 706 ex
825 645 902 723 ipsis
924 647 1087 725 scripturis
1109 667 1181 711 sen-

106 762 189 807 su·
199 762 315 823 capere
331 742 489 805 veritatis.
532 742 576 806 Et
591 742 664 808 idco
683 752 811 824 op'ortct
827 744 866 808 ab
885 766 923 808 eo
936 745 1182 831 intelligentiam

106 844 236 908 dheora
252 847 493 925 scripturarum,
516 846 569 924 qui
586 866 657 909 eam
675 869 694 910 a
711 846 883 911 maioribus
906 848 1078 913 secundum
1094 853 1182 915 veri·

105 954 213 1012 tatem
229 947 291 1011 sibi
308 947 459 1011 traditam
476 954 598 1027 servat,
616 957 653 1013 ut
670 957 703 1012 et
719 951 787 1029 ipsc
804 951 906 1030 possit
919 973 1004 1030 eam,
1023 956 1178 1032 quam⁴⁴)

105 1056 198 1115 reete
218 1053 371 1130 suscepit,
394 1056 611 1130 competenter
632 1072 786 1115 asserere.
833 1050 913 1116 Cum
934 1055 1018 1117 enim
1040 1075 1082 1118 cx
1099 1053 1181 1135 divi·

106 1154 160 1217 nis
185 1152 346 1232 scripturis
372 1154 529 1236 integram
556 1155 623 1233 quis
651 1161 684 1218 et
708 1152 834 1219 firmam
859 1154 1004 1242 regulam
1032 1158 1179 1221 veritatis

107 1256 298 1341 susceperit,
321 1254 493 1318 absurdum
514 1275 579 1318 non
602 1258 675 1330 crit,
702 1259 729 1319 si
751 1256 870 1339 aliquid
892 1261 988 1323 etiam
1010 1280 1054 1323 ex
1075 1258 1180 1322 erudi-

105 1358 198 1421 tione
217 1359 373 1420 communi
391 1378 429 1421 ac
446 1354 630 1421 liberalibus
648 1358 775 1439 studiis,
794 1381 874 1440 quac
892 1360 1025 1424 fonteio
1043 1362 1180 1440 pueritia

108 1460 233 1545 attigit,
256 1458 298 1522 ad
318 1460 532 1523 assertionem
552 1463 622 1524 veri
644 1460 801 1544 dogmatis
821 1463 976 1542 conferat,
994 1463 1042 1527 ita
1058 1468 1177 1542 tamem

105 1568 160 1642 ut,
181 1561 237 1625 nbi
256 1583 334 1625 vcra
357 1561 480 1640 didicit,
502 1559 587 1625 falsa
609 1568 642 1625 et
658 1560 808 1627 simulata
826 1561 974 1630 declinat.
1017 1563 1179 1629 Incertum

106 1671 159 1729 ast
180 1665 265 1728 enim
282 1667 378 1728 etiam
395 1662 562 1727 iuvenibus
579 1664 664 1727 vitae
682 1671 821 1745 tempus,
843 1667 972 1730 senibus
990 1668 1123 1731 autem
1113 1687 1179 1731 ram

106 1788 168 1831 nec
192 1767 347 1832 incertum
370 1773 429 1830 cst.
471 1763 548 1831 Non
571 1767 657 1841 enim
679 1766 857 1850 dubitatur,
884 1768 985 1853 quod,
1011 1776 1178 1852 quonum

107 1890 233 1953 cunque
249 1876 314 1949 est,
333 1868 416 1949 quod
432 1875 561 1950 putatur
573 1870 641 1954 ⁴⁵),
661 1868 758 1933 breve
774 1872 826 1935 sit.

218 2037 258 2105 C
276 2037 628 2131 XL1.Idadccreta's
644 2039 705 2106 Pc‘c‘
719 2040 849 2128 Papae,
868 2064 938 2128 cap.
955 2041 1069 2128 HL«)

195 2173 280 2252 Quid
297 2178 382 2240 enim
397 2176 530 2258 prodest
545 2176 593 2241 illi
610 2198 667 2242 suo
685 2199 794 2242 errore
811 2197 876 2243 non
892 2176 1008 2261 pollui,
1031 2181 1085 2260 qni
1101 2199 1177 2244 oon·

106 2302 238 2345 samm
261 2286 403 2360 praestat
429 2279 631 2367 errantum
674 2279 751 2344 Sine
773 2280 870 2344 dubio
894 2287 1005 2346 contra
1025 2281 1177 2347 mandata

107 2384 240 2448 dimicat
256 2390 299 2464 et,
318 2384 370 2463 qui
386 2386 509 2463 peccat,
527 2390 571 2463 et,
590 2384 643 2465 qui
661 2404 849 2448 consensum
864 2390 1006 2464 praestat
1023 2386 1154 2449 erranti.

122 2568 190 2639 20.
207 2569 316 2636 XLII.
360 2570 420 2637 Ec
438 2572 576 2638 demeto
593 2567 1134 2658 Atecaacrcrapae,cap.1f1.²)
1190 2651 1192 2655 ,

192 2706 263 2772 Has
286 2709 523 2772 considerantes
540 2711 673 2789 pietates
691 2716 725 2773 ct
740 2707 880 2790 pericula
901 2711 1039 2774 vitantes
1058 2710 1177 2772 annna-
1247 2748 1250 2752 -

104 2832 179 2875 rum
200 2832 263 2874 una
285 2832 355 2874 cum
376 2811 521 2875 omnibus
538 2808 670 2875 Domini
687 2811 919 2891 sacerdotibus,
942 2813 994 2892 qui
1010 2811 1177 2875 nobiscum

104 2915 140 2978 in
162 2912 246 2977 hanc
266 2935 390 2977 sacram
413 2922 629 2979 convenerunt
648 2913 760 2978 urbem
782 2898 904 2978 etcum
922 2913 1066 2978 omnibus
1083 2911 1176 2976 buius

106 3017 221 3096 capitis
241 3011 406 3096 membris,
429 3018 511 3081 sicut
529 3016 667 3080 abeatis
690 3014 842 3098 apostolis
861 3023 894 3080 et
910 3015 1039 3097 reliquis
1056 3015 1176 3080 sanctis

103 3117 250 3200 patribus
277 3125 311 3182 et
336 3140 356 3181 a
381 3117 615 3182 successoribus
642 3140 752 3209 eorum
779 3119 971 3198 accepimus,
998 3123 1176 3181 statuentes

105 3222 321 3300 decernimus,
345 3241 470 3299 omnes,
498 3221 551 3300 qui
572 3227 699 3284 sanctos
721 3226 827 3300 patres
849 3225 1093 3300 persequuntur,
1120 3225 1176 3282 aut

105 3342 257 3388 amovere
273 3320 326 3386 vel
332 3320 519 3386 dilacerare
535 3316 704 3386 manileste
721 3323 878 3400 nituntur,
899 3320 1035 3383 infames
1054 3339 1124 3382 esse
1142 3325 1176 3383 et

104 3423 230 3490 alienos
248 3446 268 3488 a
283 3423 445 3489 liminibus
467 3423 620 3488 ecclesiae
640 3445 738 3504 usque
761 3422 802 3486 ad
822 3422 1070 3486 satisfactionem
1091 3416 1174 3484 fieri.

106 3524 195 3603 Quia
215 3529 262 3590 sic
282 3526 351 3591 odit
367 3522 456 3591 Deus
479 3546 549 3607 eos,
573 3528 626 3607 qui
648 3526 797 3589 adversus
815 3530 921 3606 patres
940 3528 1117 3603 annantor,
1138 3528 1177 3585 ut

104 3641 232 3711 patrum
256 3629 420 3694 invasores
442 3625 495 3692 vel
516 3629 749 3709 destructores,
775 3628 829 3710 qui
852 3627 927 3690 ideo
948 3624 1083 3689 Mamas
1104 3619 1176 3688 effi·

176 3890 204 3937 c.
222 3889 288 3936 xm
322 3889 350 3950 q)
369 3885 743 3952 caputl’seudoisid.('b1crl.,
761 3885 807 3936 sol.
824 3887 887 3948 25).
902 3914 932 3924 -
951 3883 1019 3935 ont
1031 3879 1176 3934 oxma

107 3971 139 4141 Σ.
141 3957 315 4144 jehsu&
319 3995 628 4145 :genomannico
637 4019 739 4093 (merc,
754 4022 873 4088 solmon.
886 4049 919 4061 -
933 4021 998 4072 σοι.
1007 4023 1069 4073 ιιι.
1079 4021 1176 4070 amn

156 4118 193 4132 ···
220 4106 253 4143 CV

149 4246 185 4307 (l.
202 4244 266 4307 XL.
290 4250 343 4322 44)
363 4265 416 4325 cc,
435 4265 527 4326 paca:
520 4241 617 4308 ·ibid
706 4243 828 4306 G..Xbl
848 4249 901 4316 46)
919 4247 1173 4323 praesequantur,

108 4324 164 4414 45)
180 4352 353 4412 superesse:
374 4330 440 4393 add.
458 4330 529 4392 ibid
664 4329 767 4393 desunt
782 4349 830 4410 ap.
848 4327 929 4389 Grat.

823 4431 960 4491 ,3⁰⁸
