2594 4898
183 335 256 400 filit)
430 331 597 393 aromo
614 329 750 390 utura
766 328 1011 390 SECUNDUS.

140 518 172 563 aa
183 499 220 568 C.
239 498 356 567 XCIV
356 542 366 563 .
397 498 463 575 Qui
470 508 609 584 propter
624 498 833 582 reptilituteoe
848 496 1006 562 Iudaeum
1023 497 1078 560 oel
1087 515 1244 590 moses

533 651 536 655 .
633 601 797 664 occallerc't.
1027 628 1044 647 κ

397 734 457 800 Ex
475 733 652 800 Concilio
671 730 983 820 Mogontiacensi
996 734 1036 819 ⁸).

270 854 333 932 Qui
355 855 420 919 odii
436 854 641 920 meditatione
662 850 713 916 vel
731 861 859 933 propter
876 852 1080 932 cupiditatem
1101 844 1245 916 Iudaeum

183 959 237 1023 vel
252 980 409 1042 paganum
427 957 679 1039 occidentwt),
704 956 777 1035 quia
799 976 862 1016 non
884 952 953 1017 leve
976 955 1090 1017 vitium
1111 957 1245 1019 commit·

183 1064 276 1140 titur,
294 1069 330 1123 ut
347 1059 536 1122 homicidam
555 1059 701 1120 convenit
718 1058 898 1140 poenitere,
918 1055 1175 1136 quandoquidem
1196 1078 1245 1118 uec

184 1165 304 1227 exteris
330 1160 492 1245 gentibus,
518 1161 581 1223 nisi
605 1157 746 1222 oblatam
771 1179 882 1237 pacem
907 1160 1105 1239 respuerint,
1139 1157 1245 1223 bellum

184 1272 234 1328 est
250 1261 365 1344 populo
383 1265 512 1343 antiquo
530 1262 656 1342 penitus
674 1259 790 1322 inferre
808 1265 1021 1340 praeceptum.

142 1485 174 1530 oa
226 1476 229 1480 ’
287 1464 325 1532 C.
343 1462 451 1530 XCV.
471 1558 474 1563 Α
495 1462 536 1529 a·
550 1471 621 1550 quis
635 1469 798 1530 amantem
814 1461 966 1528 homiaem
984 1461 1153 1527 occiderit.

575 1616 638 1679 Ex
660 1616 807 1679 eodem
818 1613 857 1700 ¹³).

270 1753 305 1817 Si
323 1754 392 1834 quis
409 1752 569 1815 insaniens
588 1749 723 1830 aliquem
741 1746 908 1830 occiderit,
930 1751 958 1814 ai
976 1748 1150 1816 adranam
1167 1772 1248 1815 raen-

184 1864 248 1920 tem
264 1856 460 1936 pervenerit,
482 1853 584 1916 levior
602 1855 633 1916 ei
649 1855 845 1932 poenitentia
861 1853 1052 1933 imponenda
1070 1860 1138 1933 est,
1162 1874 1247 1934 qnam

185 1959 231 2036 ei,
250 1959 303 2037 qui
320 1978 399 2019 sana
415 1963 520 2020 mente
538 1953 603 2018 tale
621 1955 694 2035 quid
713 1957 913 2019 commiserit.
938 1952 998 2018 Cui
1015 1957 1162 2036 quamvis
1178 1976 1246 2036 poe·

32 2135 40 2143 ·
184 2060 319 2122 nitentia
335 2060 378 2121 sit
394 2057 597 2138 imponenda,
625 2059 699 2137 quia
715 2059 784 2136 ipsa
804 2055 973 2120 infirmitas
999 2077 1100 2120 causo
1123 2059 1247 2137 peccati,

97 2147 99 2153 ’
184 2159 260 2224 licet
277 2160 423 2223 fortassis
442 2157 569 2223 occulta
587 2161 757 2244 contigisse
776 2160 928 2240 creditur,
951 2165 1041 2222 tanto
1060 2158 1247 2241 tamen201)

183 2261 302 2342 levior,
320 2284 414 2343 quam
432 2264 472 2341 ei,
491 2259 655 2341 quisanus
674 2260 811 2342 aliquem
829 2261 988 2339 occiderit,
1007 2267 1162 2340 quantum
1174 2263 1248 2323 inter

184 2385 295 2429 sanum
321 2373 354 2427 et
370 2367 530 2443 insanum,
556 2362 776 2428 irrationabile
794 2384 814 2426 a
832 2361 1011 2428 rationabili
1033 2369 1164 2426 constat
1184 2383 1247 2427 esse

119 2489 142 2535 ·,
185 2467 381 2530 discriminis.
1049 2468 1057 2488 '

142 2691 175 2735 or
284 2665 466 2736 cxcvi.
511 2669 551 2735 a·
563 2675 671 2754 plores
688 2691 782 2735 unam
799 2671 950 2735 homnem
968 2669 1155 2734 occiderint.
1185 2739 1195 2757 ·

402 2823 460 2925 Ex
477 2820 655 2886 Concilio
673 2822 981 2910 Moguutiacensi
994 2827 1033 2907 ⁰).

271 2959 307 3024 si
324 2967 457 3040 quatuor
475 2966 530 3024 aut
547 2961 682 3040 quinque
701 2960 846 3023 homines
863 2981 921 3023 seu
937 2961 1034 3022 etiam
1050 2957 1160 3039 plures
1179 2980 1245 3023 coo·

254 3222 281 3265 c.
299 3219 387 3266 xciv.
422 3219 450 3279 a)
467 3221 496 3265 ln
510 3220 583 3266 nullo
596 3233 698 3280 eorum,
714 3233 779 3279 quae
794 3221 826 3267 ad
839 3222 929 3266 nostra
941 3220 1058 3278 tempora
1071 3219 1246 3278 pervenerunt,

187 3288 355 3336 conciliorum
368 3288 579 3348 Moguntiuorum
593 3291 722 3347 repertum
733 3291 780 3336 est.
816 3288 927 3347 Similia,
942 3287 964 3333 si
973 3287 1128 3334 ludaeorum
1141 3300 1245 3334 commc-

185 3357 355 3404 metationem
374 3356 516 3415 exceperis,
536 3357 657 3417 leguntur
675 3357 703 3403 in
717 3371 739 3402 c.
753 3356 820 3418 27.(
838 3356 857 3415 .)
873 3356 970 3404 concil.
981 3357 1112 3403 Wormet.
1124 3354 1184 3403 hab.
1193 3368 1245 3402 auu.

186 3426 244 3473 868.
253 3451 288 3460 —
296 3425 390 3482 Burch.
400 3426 441 3472 Vl.
451 3426 492 3472 33.
502 3424 568 3485 (0.).
578 3425 655 3472 Deer.
664 3425 697 3470 X.
707 3426 764 3471 162.
774 3419 916 3488 (B.),1)ist.
926 3425 954 3472 1..
965 3438 987 3472 c.
997 3425 1039 3472 40.

255 3512 282 3558 G.
291 3511 368 3557 XCV.
403 3509 430 3569 b)
449 3512 527 3558 conc.
536 3511 663 3556 il'ormet.
676 3509 734 3558 hab.
748 3523 807 3557 anu.
822 3512 880 3557 868.
899 3523 921 3558 c.
935 3511 976 3557 28.
991 3508 1049 3568 (4.).
1062 3530 1092 3540 —-
1104 3508 1199 3556 Berch.
1213 3507 1246 3553 vt.

186 3580 228 3625 25.
238 3578 304 3637 (R),
315 3579 391 3626 Decr.
401 3579 434 3626 X.
445 3579 503 3626 154.
514 3575 564 3637 (B.)
573 3579 635 3624 item
644 3578 735 3628 iurent
745 3577 791 3624 Eo·
799 3577 898 3635 eodem
908 3577 1039 3623 antecedit
1047 3579 1134 3622 eutem
1145 3577 1173 3622 in
1182 3579 1246 3623 utra-

186 3659 235 3704 que
245 3646 310 3694 Coll.
320 3660 404 3693 canon
414 3646 587 3704 Turonensis3
597 3649 624 3694 c.
635 3647 691 3693 XV.
701 3661 724 3704 q.
735 3648 758 3695 1.
769 3660 791 3694 c.
802 3648 853 3693 12.:
866 3645 912 3692 Ex
922 3645 1023 3692 Poeait.
1036 3644 1176 3693 Theodori.
1281 3648 1284 3656 ⁴

209 3762 214 3773 .
254 3731 388 3779 mxcvi.
424 3726 1245 3791 c)Hob.subllobanoaun.852.‚e.1l.-Burch.Vl.42.(lL)‚

186 3799 262 3848 Dece.
271 3799 306 3844 X.
318 3802 375 3847 tto.
387 3794 451 3860 (a),
463 3799 627 3856 c.xx111.q.
639 3801 663 3845 8.
678 3813 700 3845 c.
711 3801 751 3845 34.
761 3798 828 3858 (D.):
845 3799 891 3844 Ea·
900 3797 985 3843 eodem
994 3796 1136 3857 (Vemer.)
1149 3798 1222 3843 Cone.
1230 3808 1246 3839 e.

187 3868 241 3926 98.;
251 3882 272 3915 c.
282 3869 323 3914 98.
333 3866 398 3913 nihil
408 3871 460 3924 est,
471 3866 521 3912 nisi
531 3880 652 3913 uumerus
662 3868 754 3926 capitis
764 3867 831 3925 apud
841 3867 929 3926 Regin.

230 4019 263 4075 G.
281 4015 385 4076 xciv.
419 4015 495 4092 006)
521 4035 600 4085 occ,
628 4020 698 4094 quio
743 4018 813 4078 Coll.
834 4020 896 4077 citt.

187 4103 344 4178 rmoginem
357 4101 416 4160 Dei
434 4110 467 4158 et
480 4120 559 4177 spem
573 4098 698 4176 samace
785 4104 817 4162 C.
827 4104 917 4164 XCV.
937 4107 1011 4175 207)
1022 4103 1078 4160 rit:
1099 4099 1168 4160 aad.
1179 4095 1246 4159 uita

186 4189 387 4246 conversionis
421 4188 609 4258 coacuerat,
642 4190 697 4246 XL
740 4187 804 4248 Bal.

188 4273 250 4332 dies
264 4274 294 4332 io
304 4291 386 4350 pone
396 4281 426 4345 et
440 4290 518 4349 aquo
523 4275 695 4349 poeniteat:
