2594 4898
389 330 468 410 Gap.
488 330 806 394 chvss—cnxxt.
1063 338 1135 401 2⁷⁰
1184 352 1188 357 '

53 521 125 562 non
142 497 312 575 accedant,
330 504 364 561 et
376 497 450 585 666)
472 499 534 562 hoc
551 521 616 562 non
633 498 695 562 soli
708 503 799 583 666),
822 501 878 564 sed
901 523 960 567 nec
980 505 1041 583 ipsi
1063 507 1131 585 epi-

56 602 149 681 scopi
172 606 227 663 aut
247 599 426 681 presbyteri
439 602 526 682 666),
549 602 622 679 sed,
644 600 699 663 ubi
720 601 827 665 clerici
843 614 1027 682 praesentes
1045 614 1129 687 sunt,

57 710 115 766 aut
133 701 232 782 aliqui
247 723 363 785 graves
383 699 566 767 Christiani.

158 869 196 935 C.
216 869 354 934 CLXX.
398 871 483 936 Item
493 858 541 937 'dc
558 877 717 957 corruptis
733 875 1034 942 sanctimonialum.
1140 897 1188 943 172

328 1006 384 1070 Ex
401 1007 575 1087 Epistola
593 1007 810 1074 Innocentii
822 1007 861 1091 f).

369 1100 380 1120 ,ι

144 1124 237 1201 Quae
257 1128 291 1188 in
305 1127 377 1209 666)
397 1125 525 1189 Christo
548 1126 755 1207 spiritualiter
776 1130 900 1195 nubunt
913 1134 1001 1216 666),
1024 1135 1050 1196 si
1072 1154 1128 1214 po·

56 1237 127 1292 stea
145 1227 268 1308 publice
285 1231 448 1307 nupserint
463 1227 516 1291 vel
534 1251 569 1291 se
590 1228 734 1292 clanculo
753 1235 965 1311 corruperint,
989 1257 1053 1297 non
1072 1256 1127 1298 eas

56 1330 270 1393 admittendas
293 1351 364 1393 esse
386 1330 427 1393 ad
446 1331 602 1413 agendam
620 1335 863 1411 poeaitentiam,
882 1337 944 1397 nisi
960 1338 1004 1414 ir,
1024 1337 1073 1397 cui
1091 1356 1127 1399 se

55 1434 225 1511 iunxerat,
244 1432 284 1494 de
305 1433 422 1494 mundo
440 1436 618 1495 recesserit.
642 1432 677 1495 si
696 1436 780 1496 euim
798 1435 837 1496 de
855 1433 1033 1500 hominibus
1046 1436 1127 1501 haec

56 1537 141 1598 ratio
163 1534 353 1613 custoditur,
376 1541 422 1612 ut,
446 1557 526 1614 quae
548 1536 676 1598 vivente
694 1537 763 1597 viro
782 1533 875 1598 alteri
893 1540 1047 1617 nupserit,
1072 1538 1127 1602 ad·

55 1634 162 1699 nltcra
183 1634 351 1714 habeatur,
373 1658 432 1699 nec
454 1640 484 1699 ei
508 1637 649 1720 agendae
671 1639 886 1716 poenitentiae
903 1637 1033 1702 licentia
1051 1661 1126 1702 con·

56 1737 202 1816 cedatur,
220 1741 281 1800 nisi
298 1759 378 1800 unus
397 1760 440 1801 ex
458 1737 507 1802 his
525 1740 621 1802 fuerit
639 1739 821 1816 defunctus,
840 1747 957 1819 quanto
971 1744 1072 1824 magis
1085 1741 1126 1804 de

54 1838 113 1902 illa
130 1840 353 1922 tenenda³⁷¹)
372 1847 436 1919 est,
463 1861 543 1920 quae
566 1848 641 1903 ante
663 1839 834 1903 immortali
856 1861 893 1903 se
915 1862 1031 1922 sponso
1050 1862 1125 1905 con·

53 1944 225 2022 iunxerat,
261 1949 294 2006 et
323 1950 435 2023 postea
466 1942 506 2004 ad
537 1940 690 2004 humanos
727 1941 893 2022 amplexus
907 1946 985 2026 666)
1020 1951 1125 2027 uano

52 2045 214 2128 migravit.

82 2211 122 2277 C.
142 2213 297 2281 CLXXI.
342 2217 397 2282 De
412 2216 608 2283 secularibus
624 2218 729 2281 viduis
745 2226 780 2282 ct
795 2215 1097 2282 sanctimonialiter.
1133 2235 1182 2282 rm

201 2353 259 2416 Ex
277 2351 449 2417 Concilio
467 2351 671 2431 llleldensi,
691 2374 767 2431 cap.
785 2351 975 2433 Lxxm).

142 2471 189 2537 Ut
208 2471 296 2551 illae,
319 2495 399 2553 quae
418 2474 506 2554 qnasi
524 2471 780 2535 sanctimoniales
798 2471 855 2534 sub
873 2469 1031 2535 velamine
1047 2468 1123 2535 reli·

54 2576 159 2658 gionis
178 2577 293 2658 degere
309 2577 556 2656 videntnr³³³)‚
576 2574 633 2637 sed
650 2576 754 2654 potins
772 2577 805 2637 in
825 2571 947 2636 deliciis
965 2573 1121 2653 viventes,

53 2686 198 2741 mortuae
218 2680 252 2741 in
276 2678 388 2741 divinis
411 2676 510 2740 oculis
529 2683 763 2756 computantur,
785 2697 841 2755 per
853 2677 924 2758 666)
942 2675 1121 2754 provincias

54 2883 159 2945 carnis
173 2884 245 2965 666)
268 2880 483 2961 voluptatibus
505 2883 660 2947 inservire
682 2886 886 2958 accusantur,
909 2881 937 2941 si
953 2877 1122 2942 manifeste

123 3110 151 3156 c.
169 3108 270 3155 CLXX.
305 3104 330 3168 l)
347 3108 395 3167 Ep.
408 3107 556 3154 advictric.
568 3108 701 3164 Rotomag.
714 3119 754 3164 ep.
768 3118 818 3153 scr.
832 3118 892 3151 aaa.
906 3104 977 3162 dds,
993 3117 1015 3152 c.
1030 3105 1071 3151 12.
1080 3117 1121 3163 up.

54 3174 162 3235 Dionys.
175 3177 376 3224 internecretr:
389 3191 412 3224 c.
427 3178 511 3224 1a.-
521 3174 586 3224 coll.
595 3176 654 3221 Vut.
667 3187 689 3220 c.
700 3174 742 3220 46.
755 3172 852 3231 (tour),
867 3171 925 3217 Hal.
934 3170 977 3218 lv.
992 3173 1046 3229 19„
1060 3172 1121 3219 Ans.

53 3244 109 3291 ded.
118 3246 162 3292 Vl.
175 3246 217 3292 48.
225 3244 362 3293 asans
370 3246 435 3291 vua
450 3246 491 3291 13.
505 3245 574 3305 (la),
591 3243 668 3289 Dect.
680 3242 736 3287 vn.
750 3241 793 3288 17.
806 3239 872 3299 (R),
889 3240 952 3286 Anu.
964 3238 1010 3285 XI.
1025 3240 1079 3299 92,
1098 3251 1121 3285 c.

52 3313 158 3427 nvi}
167 3314 344 3443 773173ἱέ03)
360 3381 425 3429 llab.
438 3395 498 3428 anu.
512 3380 583 3438 845„
603 3392 625 3425 c.
640 3377 682 3424 ro.
694 3372 912 3438 (so.).-Burcu.
922 3373 988 3421 vua
1004 3374 1044 3418 5⁰.
1059 3368 1120 3432 (R),

50 3450 129 3498 Decr.
137 3450 193 3496 Vll.
202 3451 242 3496 68.
252 3449 314 3510 (B.).

94 3601 132 3661 C.
152 3600 279 3661 CLXIX.
311 3606 393 3673 333)
419 3620 492 3680 quae
519 3619 566 3657 se-
609 3595 684 3655 Coll.
703 3596 765 3655 citt.
788 3596 863 3664 37⁰)
880 3601 912 3650 ct
927 3610 946 3651 a
962 3592 1119 3651 sacoma

53 3697 191 3766 quantur,
218 3685 280 3745 der.
306 3706 353 3764 ap.
381 3686 446 3746 llal.
488 3689 563 3756 367)
608 3683 761 3741 celantur:
785 3676 851 3737 add.
875 3677 949 3755 orig.
968 3676 1036 3736 Vut.
1055 3675 1118 3737 llal.

42 3770 183 3848 fuciunt,
216 3774 272 3831 scd
299 3792 363 3831 cum
390 3771 566 3830 conclericis
607 3766 678 3824 Ans.
706 3762 772 3824 ded.
795 3763 877 3825 Grat.
920 3764 995 3837 371)
1018 3771 1120 3821 tenca·

51 3858 102 3915 ccl
116 3876 182 3915 cura
198 3857 261 3926 ho,
280 3877 346 3915 cum
364 3856 469 3935 quibus
487 3858 563 3932 epifa-
608 3854 691 3910 dum:
715 3847 791 3908 llild.
810 3847 873 3907 Bal.
918 3852 992 3920 372)
1017 3847 1120 3906 dumu-

51 3960 143 4019 copus
168 3951 224 4000 cut
241 3942 402 4020 presbyter
426 3942 562 3999 iusserit:
606 3955 662 3997 nas
679 3937 817 4012 nuptias:
835 3934 910 4011 orig.
930 3932 1006 3991 Coll.
1027 3932 1089 3991 citt.

50 4022 213 4104 add-orig.
232 4026 307 4085 Coll.
325 4028 388 4084 citt.
415 4030 491 4097 368)
505 4026 567 4083 soli
650 4020 683 4079 C.
700 4018 830 4079 CLXXI.
847 4019 921 4089 373)
937 4033 1120 4094 cognoscun-

49 4111 389 4171 dadcaatoccmumud
399 4111 567 4169 hmusmodi
608 4116 675 4166 tur:
693 4106 769 4183 orig.
798 4109 872 4176 374)
893 4100 977 4161 deest
995 4101 1024 4157 iu
1043 4098 1118 4173 orig.

41 4193 194 4271 sentim
213 4195 278 4255 add.
297 4197 338 4255 is.
608 4189 684 4250 llild.
702 4188 764 4248 Bal.

93 4276 254 4340 CAELXX.
272 4279 561 4357 ddlleecstinorig.
