2594 4898
191 316 255 378 tro
471 262 791 372 anulino-Linus
814 311 985 374 PRIMUS.

189 489 262 564 post
277 486 439 563 peractum
457 480 595 543 divinum
613 482 797 563 mysterium
809 482 882 566 ⁴⁵⁰)
899 489 944 559 et
961 485 1175 548 necessariam
1193 487 1253 551 col-

189 583 354 662 lationem,
378 604 441 646 non
461 584 549 663 quasi
567 583 604 645 ad
624 584 789 662 prandium
801 586 874 668 ⁴⁵¹)
895 584 943 647 ihi
961 586 1002 648 ad
1019 585 1163 652 tabulam
1181 592 1254 653 resi·

190 687 305 765 deant,
342 693 375 749 et
399 707 455 765 per
485 683 564 748 talia
589 682 759 747 inhonesta
786 686 932 748 convivia
957 707 992 749 se
1019 689 1158 753 invicem
1184 713 1250 775 gra·

187 786 364 872 vent⁴⁵⁵),
391 787 642 867 quiaindecens
667 793 718 849 est
743 794 775 850 et
801 807 981 851 onerosum.
1032 784 1138 871 Saepe
1162 795 1253 856 etiarn

187 892 278 955 tarde
296 889 341 952 'ad
364 888 513 953 ecclesias
535 886 706 953 redeuntes
728 889 828 952 maius
855 888 1004 953 damnum
1028 891 1068 955 de
1084 893 1253 974 reprehen-

187 995 278 1056 sione
296 989 485 1072 conquirunt
507 998 539 1055 et
562 988 604 1053 de
619 991 792 1075 gravedine
809 997 919 1057 mutua
936 992 1146 1073 contrahunt,
1166 1018 1253 1076 quarn

186 1093 306 1158 lucrum
323 1093 368 1156 ihi
384 1094 516 1156 faciunt.
552 1089 636 1154 Nam
654 1092 692 1154 de
712 1091 892 1156 huiusmodi
910 1102 1069 1158 conventu
1080 1099 1156 1182 ⁴⁵³)
1175 1096 1253 1161 Pau-

185 1195 233 1260 lus
253 1194 435 1259 Corinthios
453 1193 671 1274 reprehendit,
700 1196 752 1274 qui
774 1196 1031 1259 inconvenienter
1049 1219 1185 1262 coenam
1203 1199 1254 1262 do·

184 1300 330 1362 minicam
349 1298 539 1360 manducare
558 1296 800 1360 conveniebant.
847 1296 899 1361 Sic
918 1305 964 1376 et,
994 1301 1046 1378 qui
1064 1300 1106 1362 ad
1125 1322 1253 1365 coenam

185 1400 392 1480 dominicam,
419 1401 441 1464 i.
464 1422 493 1462 e.
513 1399 563 1462 ad-
576 1397 778 1462 collationem
800 1398 891 1463 verbi
914 1400 972 1463 sub
992 1404 1163 1466 occasione
1183 1425 1252 1466 con·

184 1505 316 1566 veniunt
339 1510 371 1564 et
394 1523 439 1564 ex
460 1503 595 1565 veritate
614 1502 732 1565 ventris
756 1523 852 1564 causa
875 1503 1122 1587 coniunguntur,
1149 1528 1252 1585 repre·

183 1602 355 1667 hensibiles
392 1624 499 1666 coram
524 1599 595 1665 Deo
628 1610 661 1666 et
685 1601 865 1666 hominibus
895 1602 1073 1684 habentur,
1111 1614 1145 1670 et
1170 1608 1251 1686 ideo,

62 1704 86 1761 ,“
184 1707 320 1786 peractis
340 1705 500 1784 omnibus,
529 1706 581 1785 qui
603 1703 776 1784 voluerint,
803 1727 918 1786 panem
941 1728 1012 1768 cum
1035 1708 1251 1790 caritate⁴⁵⁴)

183 1809 216 1869 in
235 1808 328 1870 domo
346 1808 453 1870 fratris
471 1808 520 1869 sui
538 1805 630 1869 simul
649 1828 719 1870 curn
736 1807 887 1870 fratribus
900 1807 1051 1891 frangant
1065 1816 1099 1872 et
1114 1809 1250 1895 singulos

183 1907 310 1972 biberes
323 1912 395 1993 ⁴⁵⁵)
406 1911 451 1992 45)
474 1910 645 1989 accipiant,
674 1911 814 1971 maxime
831 1907 916 1971 ultra
933 1912 1061 1973 tertiam
1078 1913 1182 1976 vicem
1200 1933 1250 1992 po·

184 2008 287 2073 culum
305 2032 368 2074 uon
387 2011 586 2094 contingant,
606 2012 702 2074 etsie
721 2011 761 2073 ud
780 2009 933 2075 ecclesias
951 2012 1096 2075 redeant.

123 2195 173 2241 21⁷
189 2177 242 2243 Ὀ.
262 2178 401 2243 CCXX.
447 2179 501 2244 De
516 2180 580 2258 leis,
599 2186 656 2267 qui
671 2150 711 2245 de
728 2170 1010 2246 attrahebantur
1028 2182 1230 2248 ordinaretur.

405 2317 463 2381 Ex
486 2315 660 2381 Concilio
685 2314 1029 2404 Carthaginensi0).
1188 2408 1190 2413 ,

266 2435 406 2517 Placuit,
424 2443 460 2500 ut
477 2438 629 2516 episcopi,
648 2437 841 2519 presbyteri,
861 2437 988 2505 diaconi
1005 2435 1059 2500 vel
1077 2440 1249 2520 quicunque
1288 2428 1290 2491 l

176 2536 305 2618 clerici),
325 2541 377 2618 qui
395 2536 474 2601 nihil
489 2538 644 2601 habentes
664 2539 863 2618 ordinantur,
882 2548 915 2602 et
931 2547 1072 2620 tempore
1092 2543 1249 2621 episcopa·
1288 2494 1290 2583 l

127 2625 131 2635 ¹
180 2647 233 2704 tus
260 2639 311 2727 vel
338 2639 502 2703 clericatus
529 2642 577 2701 sui
604 2660 716 2722 agros,
744 2638 795 2702 vel
822 2662 1023 2721 quaecunque
1041 2643 1176 2721 praedia
1194 2664 1246 2706 sno

181 2744 304 2805 nomini
321 2748 520 2820 comparant,
542 2747 694 2819 tanquam
711 2763 816 2804 rerum
835 2743 1062 2806 dominicarum
1077 2745 1247 2809 invasionis

182 2843 311 2905 crimine
329 2843 597 2922 teneantur⁴⁵⁵),
616 2843 764 2927 nisi⁴⁵⁴)
785 2843 937 2911 admoniti
955 2846 987 2907 in
1006 2843 1246 2925 ecclesia⁴⁵⁴⁸)

183 2944 294 3007 eadem
311 2947 379 3024 ipsa
398 2942 598 3007 contulerint.
1063 2946 1068 2951 '

181 3075 394 3086 ιιι-μ-οο--η

251 3137 277 3181 G.
296 3137 396 3184 CCXX.
431 3132 459 3198 o)
469 3139 496 3186 C.
506 3139 547 3185 49.
565 3137 662 3185 concil.
672 3137 791 3198 carthag.
802 3141 843 3187 ΙΙΙ.
853 3139 910 3188 hab.
921 3139 1245 3204 aan.39'1.(apudl)ion5s.

182 3217 205 3250 c.
217 3204 284 3265 52),
303 3205 408 3265 interpr.
419 3205 524 3265 Hispan.
533 3231 567 3241 -
576 3205 640 3252 con.
658 3206 739 3253 Daeh.
749 3208 779 3254 11.
791 3209 831 3253 84.
846 3206 941 3270 (toris),
960 3210 1020 3256 Ans.
1036 3208 1091 3256 ded.
1106 3211 1148 3258 IV.
1163 3211 1205 3259 31.
1215 3236 1245 3247 -

224 3341 256 3399 C.
280 3339 406 3401 ccxix.
456 3344 535 3417 450)
559 3343 688 3400 mim'ste-
733 3340 1243 3421 libereaccipiant:bibererllurch..

180 3428 273 3487 rrum:
303 3425 422 3487 Helmst.
440 3424 502 3486 Bal.
556 3430 630 3503 451)
651 3428 691 3485 ad
732 3425 818 3486 Decr.
864 3426 912 3508 **)
931 3429 950 3487 i.
975 3446 1002 3487 e.
1030 3429 1161 3507 singulos
1189 3430 1242 3489 vini

176 3513 295 3588 plenam
343 3511 557 3590 resectionem:
615 3510 687 3570 Call.
732 3512 869 3592 scyphos,
902 3512 1242 3579 ct.inn·s1..11.e.432.

181 3597 243 3655 citt.
271 3601 345 3667 452)
360 3606 527 3674 graventur
546 3604 588 3670 (se
603 3602 686 3668 om.):
774 3595 809 3656 C.
837 3596 949 3671 CCXX.
977 3603 1074 3670 456)
1104 3599 1243 3659 abnuasi‘:
1286 3644 1289 3649 -

182 3678 298 3738 Helmst.
319 3680 408 3753 Bal.;.
418 3700 478 3758 per
496 3681 571 3739 tales
589 3683 691 3740 z'neon·
734 3679 800 3740 add.
820 3680 927 3740 Burch.
951 3682 1039 3743 Decr.
1063 3682 1132 3743 Pau.
1170 3690 1241 3751 457)

179 3767 329 3825 uenientes
359 3766 505 3843 pastellos
534 3785 566 3824 se
594 3767 613 3823 i.
639 3785 690 3842 g..·
733 3769 795 3826 m'si
811 3769 851 3825 ud
868 3770 1034 3840 eeclesiam,
1054 3770 1096 3828 ud
1113 3773 1242 3848 quamti-

180 3850 256 3926 orig·
292 3855 366 3922 453)
379 3869 471 3920 eoru,
492 3850 689 3928 qur'subrelr'-
734 3854 825 3911 tulatr'
838 3862 920 3924 suat,
953 3855 1019 3913 ead.
1044 3855 1109 3932 apsa
1132 3855 1239 3914 eoawl.

177 3936 279 4012 grhnr's
297 3934 418 3995 obtentu
428 3935 587 4012 agebatur,
603 3938 686 3996 Paul.
732 3937 871 3996 Sz‘autem
882 3941 953 4016 ipsis
965 3940 1095 4017 propria
1109 3939 1241 4000 liberali·

181 4021 342 4096 Apostolus
373 4023 582 4081 conuenienter
607 4042 687 4100 repr.
733 4030 795 4080 tute
823 4025 950 4083 alieuius
980 4026 1031 4083 rel
1056 4028 1241 4085 successione

182 4105 270 4163 Cor:
287 4103 352 4164 add.
369 4104 439 4165 ibid.
475 4112 549 4179 454)
570 4118 599 4166 et
614 4126 688 4184 gra-
731 4111 921 4185 cognationis
964 4110 1080 4187 aliquid
1119 4112 1241 4179 uenerit,

180 4191 286 4249 tiaram
324 4194 462 4251 actione:
515 4191 580 4252 add.
616 4191 685 4251 ibid.
720 4188 934 4267 faeiaatr‘ude,
959 4194 1240 4272 quoduelrirtrcoll.

179 4281 253 4348 455)
276 4275 351 4336 llild.
375 4297 426 4336 suo
445 4296 525 4337 more
548 4277 682 4335 mutavit:
731 4277 792 4335 citt.
837 4283 934 4353 4575)
955 4281 1129 4341 ecolesma:
1147 4281 1222 4358 orig.
