2594 4898
179 331 249 395 {20
463 323 625 386 REGINO
644 324 776 386 ΗΒΕ-Β
793 324 968 388 PRIMUS.

179 500 260 562 duos
286 495 338 560 vel
364 493 469 575 plures
485 493 654 577 «dividere,
686 495 760 574 quia
790 490 925 557 eeclesia
953 490 1072 556 Christi
1103 514 1191 557 uxor
1213 501 1243 557 ot

179 619 296 680 sponsa
326 595 422 660 debet
452 616 544 674 esse,
579 613 642 659 non
674 601 832 673 scortum,
867 596 949 658 siout
979 592 1129 660 calixtus
1162 592 1244 674 Papo

178 700 359 784 ostanut).

264 799 428 880 Require
446 820 522 879 cap.
542 794 805 862 chxxvll.
825 796 907 860 Lib.
926 795 951 861 Ι.
1032 794 1036 799 ’

122 995 171 1042 244
233 970 270 1035 C.
291 967 505 1034 CCXLVIII.
556 966 602 1031 Ut
623 939 703 1032 lutet
723 971 871 1034 ecelesiae
889 978 1198 1046 poemenionem
1275 964 1278 968 ’

547 1070 683 1134 dommus
705 1075 878 1154 accipiant.

329 1202 1097 1291 ExConoili'oMeldensi,cap.LXV.³).
1167 1276 1206 1291 ,Ι
1289 1228 1291 1243 =

266 1327 434 1412 indignum
456 1325 550 1392 valde
571 1332 636 1403 est,
653 1331 701 1404 ut,
725 1326 828 1404 quiin
845 1328 933 1408 regia
950 1326 1106 1409 dignitate
1125 1333 1244 1389 eeteros

181 1430 335 1495 ecelesiae
357 1427 442 1492 filios
465 1436 594 1492 auctore
611 1423 683 1489 Deo
701 1425 908 1507 praecellitis,
926 1425 1151 1511 negligentius,
1170 1448 1245 1509 quae

93 1519 103 1540 '
181 1532 244 1597 Dei
261 1539 345 1610 sunt,
365 1519 498 1609 exsequi
515 1529 694 1593 videamini.
738 1527 838 1611 Unde
850 1529 979 1613 dignum
997 1536 1079 1609 erat,
1096 1536 1132 1593 ut
1144 1528 1245 1610 capei-

180 1633 228 1696 las
246 1632 392 1697 villarum
410 1638 586 1693 vestrarum
603 1629 693 1693 laicis
711 1651 773 1695 nou
797 1632 1052 1710 committeretis,
1070 1630 1128 1695 sed
1145 1633 1245 1712 potius

180 1735 260 1813 illis,
287 1736 340 1814 qui
367 1741 400 1796 et
426 1734 538 1795 eadem
564 1740 689 1795 saerata
714 1731 786 1795 loca
811 1730 992 1816 religiosius
1018 1739 1197 1797 tractarent
1217 1741 1246 1796 et

180 1836 272 1899 vobis
291 1835 477 1914 obsequium
495 1832 634 1897 debitum
651 1835 867 1914 impenderent
880 1836 973 1921 4η).ἐ
1007 1832 1179 1898 Monemus
1192 1837 1246 1898 ita·

136 1929 139 1934 ’
182 1959 241 2017 qne
260 1943 293 1999 et
310 1935 481 2012 hortamur,
500 1957 555 2015 ne,
574 1937 657 2016 quod
675 1936 766 2016 absit,
785 1934 958 2016 perieulum
976 1935 1190 2001 anathematis
1207 1958 1245 1999 ex

183 2039 312 2106 decimis
329 2039 517 2122 praesumtis
535 2039 720 2132 incurratis,
738 2047 774 2101 ut
791 2038 853 2101 hoo
870 2038 1028 2129 corrigere
1045 2038 1212 2104 studeatis.

110 2226 172 2274 ees
453 2205 491 2271 C.
512 2202 710 2279 coxam
740 2205 795 2273 De
811 2207 920 2303 eadffl
935 2230 983 2274 re.

481 2341 577 2407 Item
598 2364 646 2407 ex
669 2343 802 2408 eodem
820 2346 956 2427 capa).
1118 2326 1127 2331 ”
1288 2368 1291 2427 ι

268 2464 305 2527 Si
326 2461 462 2545 capellas
488 2471 612 2527 vestras
634 2463 827 2546 presbyteris
850 2471 905 2527 aut
926 2462 1002 2526 viris
1024 2460 1246 2529 ecelesiasticis

183 2568 350 2645 dederitis,
369 2573 403 2629 et
420 2565 593 2650 dominicas
611 2566 750 2631 decimas
769 2567 964 2647 acceperint,
990 2571 1185 2630 sartatecta
1201 2588 1246 2630 oe·

164 2667 299 2732 -clesiao
327 2675 359 2730 et
383 2656 550 2730 luminasia
581 2667 698 2733 exindo
730 2674 945 2748 competenter
974 2667 1184 2748 provideant,
1219 2676 1247 2730 et

182 2770 359 2850 presbyteri
384 2767 591 2847 parochianas
618 2769 757 2833 decinues
784 2771 940 2851 accipiant
957 2774 990 2839 et
1006 2767 1115 2852 populi
1141 2790 1246 2837 neees-

183 2870 328 2934 sitatibus
346 2869 453 2934 debite
470 2869 646 2957 invigilent.

498 3038 535 3108 C.
554 3039 648 3106 CCL.
693 3039 747 3107 De
764 3043 873 3108 eodem
889 3063 936 3106 re.

532 3177 627 3242 Item
648 3197 697 3241 ex
720 3177 900 3262 eodemtp

268 3294 305 3358 Si
330 3299 436 3360 autem
462 3292 535 3359 iaici
562 3294 699 3377 capellas
725 3284 849 3366 nestros
872 3285 1056 3376 habuesint,
1084 3319 1105 3361 a
1126 3301 1249 3365 ratione

184 3403 216 3460 et
242 3399 430 3462 auctoritate
456 3396 594 3463 alienum
620 3397 769 3478 habetur,
796 3406 833 3462 ut
853 3400 913 3479 ipsi
939 3398 1077 3462 decimas
1096 3401 1251 3482 accipiant

84 3564 90 3571 ,
184 3509 216 3562 et
246 3500 319 3562 inde
351 3522 444 3564 canes
479 3508 534 3564 aut
559 3502 743 3586 genitiarias
778 3523 851 3565 suas
877 3508 1027 3582 pascant,
1063 3502 1121 3565 sed
1147 3505 1250 3584 potius

181 3600 361 3683 presbyteri
386 3601 591 3669 ecelesiarum
617 3625 671 3669 eas
699 3604 874 3683 accipiant,
906 3610 938 3666 et
954 3604 1029 3668 inde
1045 3607 1250 3670 restauratio·

184 3724 255 3764 nem
281 3701 488 3771 ecelesiarum
514 3711 547 3767 et
568 3703 736 3770 luminaria
762 3711 795 3768 et
823 3703 983 3785 hospitum
1012 3728 1052 3770 ae
1079 3728 1250 3789 ponpeium

251 3894 278 3941 c.
297 3895 438 3941 ccxuvn.
474 3894 499 3954 ⁸)
510 3893 620 3941 cunnos
630 3897 647 3942 1.
659 3897 717 3942 254.

251 3964 278 4008 υ.
297 3962 450 4009 ῦθΧΙΝΙΗ.
484 3961 509 4021 r)
519 3964 598 4009 Immo
608 3977 630 4012 e.
640 3966 681 4012 ¹15.
689 3962 752 4028 (51.)
760 3965 837 4012 huius
847 3979 921 4016 eone.
929 3967 999 4027 (hab.
1008 3981 1033 4019 e.
1042 3966 1124 4022 ma).

251 4029 279 4077 G.
297 4028 431 4079 CCXUX·
467 4029 492 4088 ι)
510 4030 571 4078 ibid.
601 4068 604 4073 .

252 4096 279 4142 G.
298 4096 368 4141 ch.
404 4095 541 4155 t)1bid.—
558 4098 597 4146 cf.
607 4099 699 4147 Eureia.
710 4103 751 4150 iii.
762 4103 819 4149 239.

227 4210 260 4269 C.
289 4209 469 4272 chLvlll.
529 4219 606 4292 478)
633 4219 695 4276 Sed
736 4219 826 4290 tibus,
850 4240 899 4278 res
915 4240 947 4278 oe
965 4220 1078 4279 hebere
1100 4222 1251 4300 (Ugueste

184 4299 253 4375 puin
269 4297 368 4370 aliter,
388 4301 692 4363 oomniinteroem'en-
738 4313 799 4376 ίαν,
818 4324 981 4365 mosomum
1002 4303 1069 4364 add.
1088 4307 1166 4386 orig.
