2594 4898
183 369 256 443 468
430 359 595 423 nectito
614 357 747 424 Llllllll
765 355 1011 431 SECUNDUS.

184 551 344 601 venarum
370 537 446 593 sunt
469 529 716 609 provinciarum,
746 524 802 589 ille
831 527 951 606 primas
976 526 1034 589 det
1059 525 1231 605 iudicante
1277 540 1288 585 ι

184 634 273 699 cuius
298 631 460 713 provincia
486 638 536 693 est
555 629 661 708 locus,
686 629 726 691 de
750 648 812 708 quo
832 629 1050 716 contenditur.
1095 627 1130 691 si
1144 635 1232 693 auten
1278 646 1288 688 ι

185 757 227 799 ex
246 735 403 797 communi
419 730 536 811 placito
554 733 676 811 vicinos
692 730 812 793 iudicas
831 727 1002 813 elegerint,
1025 737 1086 811 aut
1100 750 1175 793 nnus
1188 726 1234 803 cl‘e

184 843 292 919 gatur,
311 841 366 896 aut
387 845 467 912 tres,
494 842 539 913 ut,
562 835 588 895 si
612 843 677 894 tres
696 830 864 916 elegerint,
890 837 946 894 ant
967 833 1113 895 omnium
1129 839 1235 895 sentus
1280 848 1288 904 t

185 940 262 1001 tiam
279 943 467 1017 sequentur,
484 943 541 998 aut
557 934 701 998 duorum.

240 1136 278 1202 C.
296 1134 412 1203 XXV.
455 1134 514 1202 Ex
534 1134 672 1201 Concilio
689 1133 867 1218 Astacum,
890 1156 960 1221 cup.
979 1132 1163 1203 LXXVII.
1175 1138 1199 1222 ¹)

272 1274 361 1338 Sim
382 1273 565 1337 matricibus
588 1272 746 1337 cathedris
774 1273 951 1352 episcopus
945 1236 1138 1371 negligens
1160 1273 1243 1337 luerit

187 1377 338 1440 adversus
364 1373 559 1454 haereticos,
591 1377 797 1438 conveniatur
819 1397 838 1436 a
859 1376 972 1436 vicinis
1001 1377 1161 1456 episcopis
1186 1373 1243 1436 dili·
1285 1359 1288 1397 ¹

186 1477 349 1563 gentibue,
372 1485 405 1540 et
427 1478 457 1540 ei
478 1498 537 1539 sna
557 1474 755 1561 negligentia
772 1476 1023 1556 demonstretur,
1045 1482 1085 1540 nt
1104 1498 1141 1540 re
1159 1496 1243 1539 excu-
1286 1464 1288 1481 ¹

185 1600 257 1642 sare
275 1601 339 1643 non
357 1580 465 1658 possit.
511 1575 632 1652 Quodsi
652 1599 695 1641 ex
712 1598 750 1640 eo
770 1578 835 1656 die,
859 1599 919 1659 quo
942 1581 1152 1658 convenitur,
1169 1579 1243 1665 intra
1287 1581 1288 1599 ¹

186 1702 246 1744 sex
264 1702 406 1759 menses,
429 1681 511 1743 siin
536 1676 603 1743 cius
624 1680 788 1758 provincia
809 1681 973 1743 exsecutio
996 1679 1114 1758 fuerit,
1138 1689 1172 1743 et
1191 1699 1244 1741 non
1287 1678 1288 1749 ]

186 1801 242 1843 eos
260 1780 302 1857 ad
318 1783 473 1842 unitatem
491 1779 678 1843 catholicam
696 1781 926 1845 convertendos
944 1783 1125 1861 curaverit,
1147 1779 1244 1845 nonel
1287 1796 1288 1847 ζ

186 1882 447 1959 communicetur,
475 1880 576 1944 donec
603 1880 784 1962 adimpleat.
829 1881 865 1946 Si
886 1870 996 1947 autern
1015 1890 1192 1949 exsecutor
1213 1876 1243 1944 nd

185 1979 260 2044 locu
276 2002 339 2044 non
357 1984 497 2062 venerit,
516 2004 580 2045 non
598 1983 794 2047 adscribatur
810 1983 967 2064 episcopo.
1029 2043 1038 2057 ,

187 2166 225 2231 C.
243 2166 379 2238 XXVI.
429 2167 476 2232 Ut
491 2168 571 2234 laica·
586 2148 792 2264 emeteintorer
814 2190 965 2234 canonum
983 2176 1243 2236 excommunices·

423 2330 426 2336 .
455 2281 522 2351 tur,
532 2332 535 2337 ,
547 2274 660 2336 clerice·
673 2269 790 2335 honore
800 2278 980 2356 priventur.
1267 2281 1270 2289 ’

303 2404 362 2469 Ex
380 2403 554 2470 Concilio
574 2404 883 2491 Carthaginensi,
908 2430 984 2490 cap.
1001 2406 1090 2474 XV.
1106 2412 1136 2491 ⁸)

273 2523 391 2597 Gratus
414 2528 579 2606 episcopus
601 2527 699 2589 dixit:
722 2525 820 2590 quta
841 2533 961 2591 statuta
983 2526 1112 2592 concilii
1136 2536 1170 2593 et
1187 2548 1245 2591 me·

187 2625 362 2690 diocritatis
385 2629 575 2690 senteutiam
595 2625 700 2707 placet
721 2627 827 2691 facere
843 2649 949 2691 rerum
968 2632 1110 2693 omnium
1128 2628 1247 2694 conclu·

186 2729 326 2807 sionem,
348 2730 487 2792 universi
507 2728 592 2791 tituli
615 2729 772 2813 designati
794 2737 827 2792 et
845 2731 960 2814 digesti
976 2738 1112 2796 teneant
1128 2740 1247 2795 centen-

185 2830 248 2891 ties
266 2850 351 2907 suas,
369 2831 438 2892 sine
456 2831 626 2910 quibus³³j
646 2832 740 2894 credo
756 2853 814 2894 vos
836 2842 962 2911 tenere,
984 2830 1093 2896 multis
1113 2832 1247 2898 conciliis

187 2951 210 2991 a·
223 2928 365 3007 patribus
384 2933 500 2994 nostris
518 2941 551 2994 et
568 2932 738 2996 traditione
756 2954 827 2996 csse
845 2935 1042 3015 danrnatam,
1062 2942 1095 2999 et
1112 2935 1247 3015 rebapti-

186 3030 322 3092 nationis
338 3032 532 3110 impietatem
550 3053 621 3095 esse
638 3035 844 3115 puniendam,
863 3057 939 3116 quas
956 3056 1007 3100 res
1026 3038 1127 3101 etiam
1143 3047 1248 3101 nostro
1286 3066 1288 3141 i

186 3130 320 3194 concilio
347 3133 441 3196 credo
468 3135 636 3198 terminum
661 3138 827 3216 accepisse.
888 3136 1023 3219 Reliqua
1049 3160 1146 3220 vero,
1174 3161 1248 3220 quae

177 3231 236 3296 ·vel
262 3235 350 3298 facta
373 3234 426 3298 vel
452 3236 537 3299 dicta
565 3238 708 3316 superins
735 3237 960 3318 comprehensa
985 3248 1074 3319 sunt,
1100 3239 1157 3305 vel
1183 3240 1249 3305 aliis

187 3335 329 3401 conciliis
352 3339 527 3417 conscripta
549 3339 718 3402 secundum
734 3337 839 3422 legem
856 3343 1073 3421 inveniuntur,
1093 3344 1249 3408 custodire

186 3447 320 3516 oportet.
369 3437 405 3500 si
428 3441 495 3519 quis
518 3461 594 3501 vero
616 3448 735 3503 statuta
756 3463 973 3525 supergressus
1002 3447 1181 3523 corruperit
1200 3443 1249 3507 rel

184 3559 242 3616 pro
269 3538 366 3601 nihilo
389 3538 535 3602 habenda
556 3544 729 3621 putaverit,
756 3544 784 3605 si
805 3542 902 3607 laicus
926 3553 989 3623 est,
1017 3551 1248 3623 communione,

187 3639 373 3719 siclericus,
393 3640 514 3705 honore
530 3644 681 3722 priretur.
706 3641 822 3706 Gratus
841 3647 1004 3725 episcopus
1023 3646 1118 3710 dixit:
1138 3647 1249 3729 Super·

254 3864 281 3908 0.
299 3864 580 3926 xxvnmtumem
593 3866 1249 3935 eonc.,c15.[oone.123.(eo.).i.:]—tnnrp

186 3930 264 3975 conc
273 3931 307 3973 M
311 3931 350 3975 le
353 3935 561 3983 ...cio—Coll.
571 3939 622 3982 Ans
625 3901 695 3984 ,ded
706 3940 734 3985 ll
745 3939 840 3984 too
855 3940 995 3986 Suvfflltti

253 3998 390 4045 &xxvi
418 4000 1249 4072 aco)neree-.c..,mgrhatnnetsc..14(Excott.ui..rp)

86 4117 91 4127 Ι
184 4063 341 4111 BarchXV.
352 4068 495 4114 6ctDccr
505 4069 648 4131 XVILB(
651 4073 871 4134 .)inmrscptore1o
883 4074 1193 4124 tenturuhuurcurronr
1202 4091 1247 4123 e·s

183 4130 280 4181 hibent
1279 4110 1288 4385 A

1269 4432 1288 4715 l

227 4283 258 4341 C.
283 4233 387 4347 XXVl.
412 4292 464 4362 33)
487 4309 559 4349 sanc
582 4295 687 4351 credo:
713 4293 792 4373 llisp.
