2594 4898
190 348 263 412 III
432 342 600 408 nnolno
622 341 756 406 muna
772 340 1025 407 sncunnus

190 517 282 582 endec
299 526 333 581 te
350 537 427 581 cose.
465 515 544 579 Ideo
562 512 659 596 tulos,
677 517 739 579 nisi
756 516 959 595 resipiscant,
975 514 1139 595 spirituali
1154 514 1250 601 gladio

189 625 354 699 percutere
371 639 549 693 censemus3
567 639 634 681 non
648 619 732 681 enisa
749 617 799 680 fas
818 624 878 696 est,
896 619 1023 696 spiritui
1040 626 1156 685 sancto
1171 640 1251 683 uma·

188 723 259 799 tiri,
294 722 378 785 sicut
402 720 544 785 Ananias
580 727 613 784 et
645 717 781 800 Sephira
813 721 940 784 mentiti
973 728 1053 785 aunt
1087 730 1123 787 et
1155 724 1252 787 stati!

188 825 359 904 perierunt.

70 1023 101 1073 n.
110 1030 131 1075 ι.
141 1025 181 1073 ss.
191 1008 228 1075 C.
246 1008 382 1074 XXXI.
428 1009 482 1075 De
496 1007 734 1095 poenitentibus
753 1017 833 1076 cea
853 1034 894 1077 oc
913 1013 1022 1077 viduet
1037 1019 1111 1080 cive
1131 1020 1250 1099 virgini·

232 1111 302 1193 dcc,
329 1119 387 1199 pcc·
410 1114 604 1179 divertentes
629 1117 710 1179 laici
718 1113 828 1194 ficol,
854 1124 914 1180 out
937 1124 1062 1181 vectem
1083 1127 1216 1196 metant,

500 1216 555 1282 cel
569 1222 726 1301 coniugiis
744 1219 943 1303 copulantur.

328 1352 386 1417 Ex
405 1350 579 1419 Concilio
599 1350 791 1418 Toletano
807 1350 888 1432 IV„
910 1374 988 1435 cap.
1005 1353 1087 1421 LV.
1101 1356 1131 1442 θ)

276 1469 475 1555 Quicumque
492 1494 537 1537 ex
553 1470 748 1537 secularibus
766 1472 958 1553 accipientes
974 1477 1210 1554 poenitentiam
1221 1496 1250 1539 sc

191 1575 411 1655 totonderunt,
442 1583 476 1640 et
504 1596 614 1640 rursus
647 1577 902 1665 praevaricantes
929 1573 1008 1639 laici
1037 1578 1154 1643 effecti
1180 1585 1250 1656 sunt,
1292 1608 1295 1663 p

190 1676 411 1757 comprehensi
440 1677 481 1741 ab
508 1680 656 1757 episcopo
682 1699 757 1758 suo,
783 1678 825 1740 ad
848 1679 1100 1761 poeniteutiam,
1134 1702 1179 1745 ex
1200 1700 1251 1761 pm
1292 1704 1295 1719 ·

189 1785 402 1857 recesserunt,
424 1788 623 1843 revocentur.
676 1776 801 1855 Quodsi
823 1778 921 1861 aliqui
941 1801 1001 1860 per
1019 1783 1251 1865 potentiamII)
1291 1832 1295 1851 .

188 1879 414 1944 irrevocabiles
434 1888 522 1960 snat,
544 1902 604 1945 nec
625 1882 780 1947 admoniti
796 1889 1013 1963 revertuntur,
1035 1906 1122 1949 vere
1137 1894 1175 1951 ut
1189 1904 1252 1965 apo·
1290 1914 1295 1953 ε

189 1986 294 2044 statne
311 2002 418 2045 coram
435 1981 571 2047 ecclesia
588 1983 799 2049 anathematis
821 1986 978 2048 sententia
997 1987 1252 2052 condemnentur.
1289 2016 1295 2071 p

190 2080 265 2147 Non
283 2082 378 2147 aIIter
394 2092 428 2148 et
445 2084 493 2165 hi,
512 2087 563 2165 qui
581 2088 665 2149 tonsi
682 2086 901 2167 aparentibus
917 2087 1065 2167 fuerunt,
1086 2096 1253 2171 autspoatc
1289 2118 1295 2157 a

190 2206 265 2265 sua,
286 2188 409 2251 amisds
431 2186 696 2271 parenfihm⁸⁹)‚
719 2208 754 2252 se
776 2190 861 2268 ipsos
878 2186 1025 2274 religioni
1051 2191 1253 2269 devoverunt,

191 2296 226 2352 st
240 2296 353 2369 postea
369 2288 512 2353 habitum
528 2288 705 2355 secularem
722 2298 916 2369 sumserunt,
937 2292 1037 2355 iidem
1056 2316 1080 2357 n
1097 2296 1254 2359 sacerdote
1287 2322 1295 2365 a

190 2390 425 2471 comprehensi,
447 2392 487 2454 sd
510 2391 628 2457 cultum
648 2390 831 2477 religionis,
852 2401 927 2457 acta
943 2394 1030 2472 prius
1049 2398 1253 2476 poeniteatis,
1287 2424 1295 2482 p

190 2500 389 2557 revocentur.
435 2489 560 2568 Quodsi
580 2494 699 2559 reverti
715 2515 780 2559 uon
797 2493 923 2575 volunt,
945 2516 1022 2560 vere
1042 2506 1084 2563 ut
1100 2504 1253 2579 apostatae
1286 2526 1295 2571 ι

190 2595 401 2659 anathematis
423 2597 601 2660 sententiae
623 2596 840 2660 subiiciantnr.
884 2593 976 2672 Quae
995 2599 1105 2663 lomna
1122 2592 1252 2667 servuli·
1285 2630 1295 2674 s

190 2706 243 2760 tur
265 2699 415 2762 etiamin
437 2698 539 2760 viduis
566 2699 802 2783 virginibusque
828 2701 926 2764 sacris
952 2720 992 2762 ac
1017 2703 1251 2781 poenitentiis!
1284 2706 1295 2773 l

189 2798 332 2878 leminis,
350 2821 429 2880 qnae
447 2799 719 2866 sanctimonialem
737 2801 880 2865 habitum
896 2801 1083 2882 induerunt,
1102 2814 1138 2869 et
1153 2814 1249 2887 postu
1284 2822 1295 2883 ι’

190 2908 245 2964 aut
262 2908 384 2964 vestem
400 2908 615 2984 mutaverunt,
634 2912 690 2967 aut
707 2904 748 2969 ad
765 2906 890 2983 nuptias
907 2906 1118 2971 transierunt.
1271 2940 1279 3061 Ι

71 3136 100 3184 p,
111 3134 129 3181 1.
140 3135 180 3181 59,
190 3103 228 3171 C.
254 3105 406 3174 XXXII.
459 3109 514 3175 De
538 3111 730 3177 discretione
755 3112 944 3177 occulendum
971 3120 1008 3175 et
1031 3116 1247 3178 cautinum
1283 3061 1295 3183 I

585 3217 661 3280 lium
678 3216 853 3280 viduorum.
1283 3242 1295 3283 r,

445 3350 540 3417 Item
558 3352 742 3431 eiusdem,
767 3374 843 3432 cap.
861 3342 998 3433 LVL‘)
1285 3446 1290 3459 1

272 3468 345 3534 Duo
368 3480 442 3535 sunt
462 3492 581 3554 genera
597 3470 777 3549 viduarum,
801 3467 961 3533 seculares
979 3478 1013 3533 ct
1030 3472 1247 3537 sanctimonia·

186 3571 244 3636 les.
269 3573 437 3637 Seculares
454 3574 569 3635 viduae
586 3582 675 3650 sunt,
694 3594 774 3652 quae
793 3571 894 3634 adhuc
912 3572 1126 3650 disponentes
1145 3574 1247 3639 nnlaen
1269 3520 1292 3665 I

187 3673 335 3739 laicalem
362 3675 504 3739 habitam
532 3696 594 3737 non
622 3675 848 3753 deposuerunt3
879 3674 1149 3740 sanctimoniales
1180 3684 1246 3747 sual,
1288 3682 1295 3692 “

187 3797 283 3856 quae,
307 3780 370 3843 iam
391 3785 513 3842 mutato
536 3774 644 3842 habitu
673 3775 825 3855 seculari,
851 3773 909 3838 sub
936 3775 1092 3860 religioso
1117 3777 1205 3843 cultu
1224 3777 1246 3837 ia
1287 3798 1295 3806 ·

255 4002 283 4046 c.
300 4001 398 4050 XXXI.
433 3999 459 4063 e)
478 4004 542 4052 Hah.
551 4017 611 4053 can.
622 4004 680 4050 633.
689 4026 723 4036 -
732 4002 826 4050 Bacch.
836 4003 900 4048 VIII.
911 4002 951 4047 2¹1.
961 4000 1036 4062 (Reg.
1047 3999 1100 4068 A.).

256 4071 283 4118 C.
301 4070 410 4118 XXXII.
446 4069 469 4136 f)
487 4071 608 4118 Eiusdem
620 4074 697 4119 Cone.
707 4068 790 4118 Tolet.
802 4072 842 4117 lv.
852 4085 874 4117 c.
885 4072 925 4118 56.

230 4223 264 4281 C.
279 4220 385 4283 XXXI.
405 4229 458 4294 68)
469 4225 697 4301 poenitentiam:
737 4222 931 4303 parentibus:
951 4218 1012 4281 des.
1032 4220 1144 4284 Burcls.
1269 4142 1295 4302 l:

188 4306 249 4366 Bal.
268 4307 372 4369 Borch.
405 4312 457 4385 69)
477 4318 697 4386 autepontc-
740 4318 744 4323 '
1268 4296 1295 4405 Ι

1269 4634 1295 4763 l
