2594 4898
189 350 263 413 410
436 344 602 408 REGiNss
621 343 754 405 LIBER
772 342 1020 406 SECUNDUS.

80 514 86 525 '
180 516 308 581 -feciant
328 521 454 603 praeter
475 511 736 587 ecclesiasticum
756 515 786 577 si
806 510 928 594 aliquid
947 532 1029 578 vero
1052 510 1189 593 amplius
1205 511 1253 577 ha·
1292 484 1295 515 Ι

189 617 332 697 bueriut,
348 618 424 681 inde
440 616 560 681 iaciant
575 617 738 685 servitium
755 614 934 679 senioribus
950 616 1029 678 suis.

63 855 92 904 Α·
101 854 133 903 ¹¹·
142 854 184 903 ⁴¹·
193 837 230 903 ⁶·
248 836 373 905 xle.
416 837 471 904 Ne
492 845 562 923 qua
583 838 623 902 de
643 839 756 1005 wi
774 796 1200 921 Moron-promto
1215 839 1251 905 ss
1277 850 1284 967 Ι

640 962 658 1004 0
728 960 757 1002 o
770 949 808 1016 ⁸>-
1203 960 1206 965 ‹
1287 958 1291 991 2

253 1108 255 1113 ·
278 1077 324 1143 Ut
341 1075 421 1141 nulli
438 1078 478 1142 de
496 1073 603 1140 servili
620 1075 801 1139 conditione
819 1074 860 1138 ad
877 1096 986 1155 sacros
1004 1076 1126 1160 gradus
1138 1097 1247 1157 promo
1285 1130 1288 1139 .

192 1188 342 1260 veantur,
364 1180 425 1243 nisi
441 1180 527 1259 prius
545 1200 565 1241 a
581 1178 716 1241 dominis
733 1178 866 1259 propriis
883 1176 1061 1261 legitimam
1082 1176 1247 1243 libertatern
1285 1208 1295 1225 ι

141 1290 147 1302 ’
193 1282 352 1346 consecuti
368 1281 501 1360 fuerint,
524 1281 611 1344 onius
628 1278 784 1344 libertatis
802 1286 980 1369 manto
1002 1279 1246 1345 ordinandumis
1285 1264 1293 1279 ⁵

193 1384 328 1448 ambone
345 1382 469 1465 publice
486 1382 622 1467 legatur,
640 1390 673 1446 et
689 1383 718 1445 si
731 1379 834 1445 nullus
848 1382 1094 1462 contradixerit,
1111 1384 1176 1447 rite
1187 1404 1246 1447 eon·

193 1486 379 1550 secrabitur.
422 1483 544 1563 Porro,
557 1485 586 1548 si
602 1490 714 1565 postea
731 1483 772 1547 de
789 1483 889 1569 gradu
907 1484 1097 1567 deciderint,
1115 1486 1185 1551 eius
1198 1486 1247 1551 s‘ut

194 1576 398 1665 conditionis,
415 1588 503 1650 cuius
519 1587 647 1652 inerant
663 1592 737 1650 ante
753 1585 896 1671 padum.
1272 1594 1281 1717 Ι

67 1831 96 1878 A·
106 1833 136 1878 ¹1·
145 1830 187 1879 ⁴²·
240 1805 277 1872 C·
298 1806 407 1872 XLV·
454 1806 546 1882 Quae
562 1788 699 1875 dedecet
718 1809 892 1893 adimplere
902 1808 1091 1894 presbyteri
1109 1818 1148 1875 et
1161 1810 1217 1876 elsi
1286 1739 1295 1799 ί

613 1993 621 2007 ⁰
667 1914 788 1977 ueros

469 2047 527 2112 Ex
545 2045 721 2129 Epistola
738 2043 982 2133 canoniani).

279 2166 326 2232 Ut
342 2164 446 2232 nuilus
463 2169 693 2248 episcoporum,
709 2167 967 2250 presbyteromm
983 2188 1041 2231 sen
1055 2167 1249 2233 diaconomn
1289 2188 1295 2250 ι

193 2269 247 2334 vel
268 2272 365 2335 etiam
387 2268 573 2347 clericorum
594 2270 724 2350 praedia
745 2260 901 2333 ecciesiae
919 2271 952 2333 in
968 2276 1134 2349 potestate
1151 2271 1252 2337 habnt
1290 2312 1295 2353 ,

194 2371 393 2451 venundare,
416 2372 473 2435 sed
494 2391 554 2434 nec
576 2372 719 2451 cuiquam
740 2378 906 2452 parentum
926 2391 1058 2436 suorum
1075 2372 1252 2455 donare,et
1291 2414 1295 2455 ¹

195 2476 248 2555 qui
264 2473 324 2539 hoc
340 2476 457 2559 egerit,
476 2473 638 2538 sub-omni
655 2470 834 2553 celeritate,
851 2472 975 2537 reddito
991 2476 1116 2555 pretio,
1134 2476 1178 2541 ad
1192 2474 1253 2541 too
1292 2516 1295 2557 1

195 2598 300 2656 sacre,
318 2578 351 2640 in
371 2597 450 2656 qnae
468 2582 664 2654 competunt,
681 2582 884 2639 revertantur
895 2577 957 2660 ⁸.¹)·
1001 2574 1040 2639 Si
1061 2584 1188 2659 antem,
1203 2576 1254 2643 he
1293 2620 1295 2627 ι

195 2678 418 2742 observatione
440 2684 616 2756 contemta,
640 2676 752 2758 aliquis
774 2676 836 2740 hoc
852 2680 1099 2760 praesumserit,
1123 2702 1177 2745 res
1192 2700 1255 2763 pro·

194 2781 279 2859 prias
300 2781 333 2842 in
355 2781 425 2860 ipsa
442 2777 577 2842 ecclesia
594 2777 765 2860 relinquat,
794 2788 827 2844 et
846 2782 913 2860 ipse
930 2780 1008 2843 foris
1032 2782 1199 2863 eiiciatur,
1222 2802 1255 2847 co

195 2880 278 2961 qnod
304 2881 413 2944 divina
438 2889 592 2965 congruat
608 2883 748 2961 ratione,
775 2888 825 2961 ut,
853 2885 906 2962 qui
928 2879 1080 2946 ecclesias
1104 2886 1256 2967 accipiunt

195 2982 236 3044 ed
253 2981 441 3067 regendum,
460 3005 524 3047 non
542 2985 582 3047 ad
601 2984 843 3069 dispergendum
860 2985 1027 3064 accipiant.
1050 2983 1161 3051 Simili
1173 2986 1256 3051 modo
1280 2940 1290 3049 d

194 3081 312 3147 nullam
348 3082 489 3149 habeant
522 3092 714 3165 potestatem
748 3083 891 3166 quolibet
924 3086 1021 3150 modo
1048 3085 1256 3167 alienandum

193 3206 295 3266 neque
316 3188 575 3268 venundandum,
596 3188 656 3251 sed
678 3209 737 3250 nec
758 3189 827 3250 sine
849 3185 1013 3252 voluntate
1036 3188 1201 3269 pontificis
1216 3190 1257 3255 mi

192 3289 329 3352 vicarios
352 3288 504 3368 dandum,
528 3297 584 3353 aut
602 3287 713 3352 liberis
736 3289 964 3353 dimittendum.
1009 3285 1074 3363 Qui
1092 3290 1158 3356 hoc
1174 3314 1257 3373 prae·

110 3428 112 3432 .
193 3392 355 3470 sumserit,
390 3399 426 3455 ut
455 3394 597 3472 superius
624 3391 818 3470 censuimus,
853 3393 881 3454 si
907 3389 1006 3456 hebet
1036 3382 1290 3495 proprietate-t

193 3512 297 3568 suam,
320 3490 407 3556 aliud
429 3500 552 3557 tanturn
569 3495 731 3567 restituat3
750 3494 779 3556 si
797 3514 860 3556 non
878 3491 1040 3574 habuerit,
1064 3496 1256 3578 exspoliatus

193 3614 234 3656 ex
251 3594 396 3658 omnibus
414 3595 492 3658 foris
506 3598 558 3678 ⁸²)
581 3596 734 3658 eiiciatnr.
778 3593 871 3675 Ipsae
893 3602 999 3661 tamen
1022 3618 1075 3661 res
1100 3599 1142 3662 ad
1165 3596 1255 3663 eccle·
1282 3548 1290 3647 Ι

193 3697 287 3775 siam,
307 3698 393 3761 cuius
410 3719 462 3761 res
480 3705 568 3776 sunt,
585 3704 795 3762 revertantur.
1280 3682 1295 3939 ι

261 3922 289 3967 c.
305 3920 396 3968 xciv.
431 3921 459 3982 g)
477 3923 516 3969 Gt.
526 3924 587 3984 ch.
596 3924 625 3972 ir.
634 3924 653 3968 i.
663 3938 686 3972 c.
695 3924 755 3974 419.

193 4056 227 4100 m
244 3986 384 4115 pcordbv’
418 3986 448 4049 ln)
464 3989 522 4036 Vid.
533 3989 599 4038 hune
609 3991 682 4051 epist.
691 4005 784 4040 canon.
794 3991 820 4039 in
830 3991 950 4049 Belierim
960 3995 1027 4054 Opp.
1035 3994 1120 4045 Leon.
1130 3998 1178 4058 tta,
1192 3996 1253 4043 Τοι
1283 3980 1294 4075 J

236 4207 269 4267 C.
295 4207 386 4268 XLV.
426 4212 484 4281 81)
512 4218 700 4271 revertatur.-
748 4223 819 4285 (ee.-
840 4212 953 4289 dccco:
973 4212 1045 4271 ibid.
1275 4132 1295 4249 5

193 4291 269 4355 Hild.
288 4292 350 4355 Bal.
395 4299 449 4368 82)
469 4296 601 4356 omnibus
609 4293 703 4374 soros
1266 4280 1277 4535 l

1260 4580 1295 4815 t
