2594 4898
359 304 437 386 Cap.
460 302 603 366 cccxvi
620 337 652 352 ·-
664 304 832 367 eccm.
1063 307 1132 372 185

58 474 276 554 poenitentia,
294 493 372 558 quos
390 475 487 538 etiam
506 473 649 538 iubemus
667 474 708 538 ad
727 474 894 539 clericatus
913 472 1051 540 officium
1068 496 1132 540 non
1182 507 1190 514 ·

60 576 197 639 admitti.

338 743 376 810 C.
395 741 562 810 CCCXX.
606 744 661 811 De
684 747 793 812 eaden
809 769 873 813 re.

411 894 506 962 Item
529 918 577 962 ex
599 898 779 974 eodem¹).

147 1034 334 1115 Quicunque
351 1034 495 1099 habitum
512 1033 689 1098 secularem
711 1038 950 1116 praesumserit,
969 1036 1009 1102 ab
1029 1034 1130 1102 eccle·

59 1139 106 1202 sia
125 1136 317 1219 expellatur.

336 1356 373 1425 C.
393 1356 577 1425 cccxxl.
621 1357 675 1425 De
693 1361 802 1425 eadem
818 1383 864 1426 re.

287 1512 349 1576 Ex
384 1510 590 1576 Concilio
626 1510 902 1596 Toletanot).

144 1647 198 1712 De
215 1647 280 1728 bis,
309 1651 362 1730 qui
384 1655 455 1714 acta
476 1650 675 1731 poenitentia
697 1649 737 1712 ad
755 1652 889 1729 pristina
906 1649 1040 1713 redeunt
1056 1672 1131 1730 pec·

58 1755 236 1833 cata⁵³⁰),
264 1753 463 1839 antiquorum
479 1759 605 1832 patrum
623 1751 796 1815 decernunt
823 1751 973 1831 concilia,
999 1759 1049 1830 nt,
1077 1753 1130 1832 qni

58 1861 131 1917 acta
147 1854 345 1933 poenitentia
368 1861 520 1934 tanquam
543 1874 637 1917 canes
660 1875 698 1919 ao
716 1875 789 1917 sues
807 1854 848 1916 nd
865 1855 1004 1917 vomitus
1022 1855 1130 1933 pristi-

13 1979 16 1983 ·
59 1977 118 2019 nos
145 1961 180 2018 et
204 1952 373 2019 volutabra
398 1956 548 2034 redeunt,
576 1955 778 2035 quoadusque
796 1954 836 2047 ad
858 1955 1000 2019 remedia
1021 1957 1129 2036 poeui-

59 2059 181 2120 tentine
199 2065 377 2136 recurrant,
404 2058 494 2122 etad
512 2059 662 2121 omissum
680 2057 824 2120 ordinem
836 2064 1052 2136 revertantur,
1070 2078 1129 2122 ex·

58 2160 281 2223 communicati
298 2167 331 2225 et
352 2159 554 2224 anathemate
573 2159 774 2224 condemnati
790 2158 978 2224 habeantur.

315 2378 354 2446 C.
373 2364 577 2447 cccxxn.
626 2380 680 2447 De
697 2382 806 2448 eodem
823 2404 869 2447 re.

374 2534 428 2599 Ex
445 2536 560 2599 dictis
578 2533 760 2620 Gregorii
772 2538 811 2622 ¹¹).

143 2668 210 2745 Qui
227 2691 262 2734 se
278 2668 401 2735 inlicita
418 2673 561 2736 meminit
574 2673 785 2751 commisisse,
804 2693 824 2735 a
840 2669 934 2737 licitis
952 2671 1048 2735 etiam
1062 2676 1128 2734 stu·

57 2775 132 2837 deat
154 2773 332 2852 abstinere,
359 2780 513 2854 quatenus
534 2796 590 2855 per
607 2773 667 2839 hoc
685 2776 842 2839 conditori
864 2796 922 2838 suo
940 2774 1127 2852 satisfaciat,

56 2883 111 2955 ut,
148 2876 203 2955 qui
220 2877 375 2940 commisit
392 2874 567 2957 prohibita,
603 2878 730 2941 sibimet
746 2879 807 2957 ipsi
829 2877 995 2942 abscidere
1013 2876 1129 2940 debeat

57 2980 154 3040 etiam
173 2997 333 3041 concessa.
379 3062 384 3069 ἱ

124 3241 153 3285 0.
170 3238 295 3286 CCCXX.
330 3235 355 3304 s)
365 3239 490 3300 Excerpt.
500 3253 533 3288 ex
543 3239 593 3286 bne
602 3239 683 3288 eiusd.
694 3254 751 3289 can.
765 3267 800 3277 -
818 3242 882 3291 coll.
893 3241 947 3288 citt.
957 3239 1016 3288 ibid.

123 3340 152 3388 G.
172 3340 305 3390 cccxxl.
339 3342 363 3404 t)
372 3343 444 3389 luter
452 3356 564 3390 canones
574 3340 714 3390 Toletauos
728 3356 779 3388 nun
789 3345 829 3389 est
838 3344 982 3400 repertum
1001 3351 1059 3385 nam
1071 3352 1093 3384 c.
1103 3340 1126 3386 ¹1.

57 3407 136 3454 Cone.
151 3406 273 3455 Toletani
286 3410 342 3470 vt,
360 3423 435 3468 quem
445 3410 567 3458 leuzius
582 3410 658 3470 citat,
678 3404 760 3456 simile
774 3412 875 3456 tantum
894 3406 989 3467 aliquid
1004 3405 1127 3453 continet.

56 3477 140 3534 csput
154 3479 272 3523 nostrum
292 3481 444 3536 excerptum
459 3482 541 3526 estex
553 3493 576 3526 c.
587 3481 609 3526 5.
629 3478 754 3537 epistolae
768 3478 830 3537 Pap.
846 3476 932 3526 siricii
943 3476 974 3521 sd
985 3473 1127 3520 Himerium

55 3544 134 3603 episc.
144 3545 287 3592 Tarracon.
296 3544 473 3606 (scr.u.385.).
492 3547 576 3594 Verba
590 3546 692 3606 integra
701 3548 785 3607 Papae
800 3546 915 3595 invenies
929 3544 955 3590 in
967 3541 1032 3589 coll.
1041 3541 1124 3590 Dsch.

55 3613 107 3659 [9.
117 3616 144 3659 et
154 3611 212 3660 Hal.
221 3615 264 3660 ΙΙΙ.
273 3615 312 3672 8.,
340 3617 417 3672 stque
440 3618 590 3674 excerptum
613 3620 729 3661 nostrum
752 3616 906 3662 verbotenus
931 3611 1043 3658 exhibet.
1062 3609 1136 3658 coll:

55 3681 113 3728 Vst.
123 3694 146 3726 c.
156 3683 207 3739 30„
225 3681 280 3728 sine
291 3683 371 3728 tontis
381 3680 549 3742 allegatione3
569 3683 628 3729 hinc
638 3682 663 3728 in
674 3683 814 3743 Reginonis
823 3681 1003 3730 collectionem
1014 3679 1126 3740 transiit,

55 3750 131 3805 sique
141 3749 179 3796 its
189 3749 255 3796 laiss
265 3749 311 3796 ills
320 3750 455 3810 inscriptio
465 3751 514 3798 soli
524 3750 650 3811 Reginoui
663 3750 802 3800 tribuenda
815 3750 925 3799 videtur.
945 3776 975 3785 -
995 3749 1034 3797 Gt.
1048 3749 1127 3796 cone.

55 3815 185 3865 Aurelian.
195 3819 215 3864 l.
226 3831 248 3866 c.
259 3819 300 3866 13.
318 3844 351 3854 -
369 3818 462 3868 Burcb.
472 3819 542 3868 XIX.
554 3821 594 3866 56.

122 3919 151 3967 C.
170 3918 315 3968 cccxxn.
352 3922 380 3981 u)
396 3923 444 3999 In-
445 3920 562 3982 Gregorii
581 3921 646 3979 Opp.
666 3921 763 3968 frustra
781 3921 925 3980 quaesitum
944 3923 991 3969 est.
1013 3941 1042 3954 ·-
1061 3918 1126 3966 coll.

55 4001 297 4064 Vstc.16.(fous):
316 4002 394 4066 Grcg.
402 4019 444 4065 pp.
453 4005 480 4052 in
491 4005 604 4066 quodam
613 4005 714 4054 onrcls'u.
732 4031 765 4042 -
783 4007 877 4055 Burob.
886 4006 959 4054 XIX.
971 4009 1012 4055 65.

95 4186 129 4246 C.
168 4188 323 4250 cccxxl.
388 4196 462 4261 570)
487 4189 566 4250 llaec
610 4190 678 4251 Vnt.
709 4192 903 4272 inscriptionis
935 4193 1001 4250 loco
1030 4191 1123 4266 posita

54 4272 160 4334 verba:
184 4276 232 4334 De
251 4310 290 4320 -
306 4272 434 4355 peccota
454 4274 566 4336 iuC'oll.
611 4287 684 4335 sunt
