2594 4898
385 341 466 423 Cep.
486 343 879 415 cccevllr-cccexu.
1095 348 1165 413 ooo

95 515 190 589 sunt,
208 509 292 590 qnod
309 507 397 574 laicis
414 510 526 596 regula
544 511 758 577 ecclesiastica
775 512 976 601 indulgenter
996 495 1164 596 permittit3

95 634 155 693 pro
177 619 268 705 tanto
290 613 376 676 enim
398 611 546 693 habetur,
572 615 770 679 sacerdotem
791 615 833 680 ab
854 612 961 681 officio
986 638 1165 699 removere,

95 735 155 795 pro
175 722 293 794 quanto
311 711 426 778 laicum
443 737 464 778 a
480 718 700 781 communione
717 716 872 783 ecclesiae
889 740 1024 782 masere.
1068 717 1164 800 Nam,

96 817 182 879 unde
200 814 273 878 laici
287 819 612 898 excommunicantur,
630 817 703 882 iude
715 819 896 904 presbyteri
908 819 949 884 ab
964 818 1069 885 officio
1083 820 1165 885 alta·

96 919 143 981 ris
160 916 398 983 submoventur.

184 1018 348 1101 Require
366 1043 447 1102 cap.
470 1019 613 1088 CCXC.

99 1187 138 1252 C.
161 1186 354 1255 ccccxn.
403 1188 553 1267 Qualiter
575 1200 736 1278 epsicopus
758 1203 1031 1263 excommunicare
1051 1196 1166 1274 infide·
1174 1204 1224 1251 4⁰⁷

301 1296 305 1302 '
542 1297 587 1361 les
609 1295 734 1363 debent.

489 1428 595 1494 Unde
616 1429 778 1517 supral).

187 1550 362 1630 Episcopus
379 1570 451 1613 cum
467 1552 745 1615 excommunicare
762 1550 812 1615 vel
825 1551 1097 1619 anathematizare
1110 1552 1169 1619 ali·

102 1673 198 1732 quem
218 1649 379 1716 infidelem
400 1672 459 1733 pro
478 1655 574 1717 certis
596 1660 630 1716 et
650 1653 826 1718 manifestis
844 1653 1016 1720 sceleribus
1033 1656 1170 1739 disposd-

100 1764 170 1819 tum
193 1752 306 1835 babet,
326 1761 399 1835 post
418 1752 590 1819 lectionem
612 1754 769 1841 evangelii
791 1754 908 1820 clerum
930 1765 964 1821 et
980 1755 1106 1839 plebem
1122 1759 1170 1823 ita

103 1855 201 1921 debet
218 1854 350 1938 alloqui:

508 2080 511 2085 ,
529 2010 695 2079 Allccstio
706 2013 744 2099 ⁶).
1177 2027 1228 2075 sos

191 2128 328 2197 Noverit
349 2132 463 2195 caritas
485 2138 608 2211 vesun,
629 2132 744 2197 fratres
766 2133 846 2212 mei,
868 2132 1099 2213 quodquidam
1121 2134 1172 2197 vir

103 2234 234 2297 nomine
254 2230 296 2296 N.
319 2232 447 2315 diabolo
469 2233 623 2297 suadente
646 2240 841 2314 postponens
864 2231 1080 2299 Christianam
1099 2255 1172 2315 pro·

103 2336 306 2416 missionem,
324 2356 418 2417 qnam
433 2322 467 2399 in
484 2334 640 2416 baptismo
653 2336 814 2417 protessus
827 2343 891 2415 est,
909 2357 966 2417 per
978 2337 1172 2416 apostasiam

105 2458 279 2501 conversus
295 2444 369 2518 post
385 2444 547 2517 satanam,
564 2438 617 2503 cui
634 2438 872 2502 abrenunciavit
889 2445 922 2502 et
938 2437 1084 2503 omnibus
1097 2458 1172 2518 ope-

104 2539 197 2604 ribus
215 2541 297 2618 eius,
314 2541 440 2607 vineam
451 2538 584 2619 Christi,
601 2540 633 2603 id
654 2548 719 2620 est,
737 2538 906 2604 ecclesiam
922 2541 990 2603 eius
1004 2539 1173 2611 devastare

106 2649 142 2705 et
159 2642 352 2721 depraedare
370 2662 433 2706 non
450 2644 660 2722 pertimescit,
677 2663 830 2723 pauperes
847 2640 983 2723 Christi,
1006 2662 1085 2722 qnos
1100 2662 1175 2722 pre·

106 2744 193 2806 tioso
210 2744 364 2827 sangnine
380 2764 438 2808 suo
454 2743 606 2824 redemit,
627 2742 784 2809 violenter
805 2744 983 2825 opprimens
1002 2751 1036 2809 et
1051 2740 1174 2807 interfi-

108 2846 214 2924 ciens,
240 2853 273 2909 et
298 2842 384 2909 bona
408 2865 519 2909 eorum
545 2846 705 2926 diripiens.
747 2844 856 2927 Unde,
883 2846 957 2925 quia
977 2842 1061 2910 filim
1081 2844 1174 2909 huius

109 2931 238 3011 nostrae
261 2945 432 3027 ecclesiae,
455 2949 507 3011 cui
525 2945 598 3011 Deo
619 2955 749 3013 auctore
769 2948 1000 3029 praesidemus,
1022 2946 1177 3013 debuerat

107 3069 197 3129 esse,
224 3051 298 3131 quia
322 3051 355 3113 in
382 3072 422 3114 ea
445 3071 503 3131 per
527 3070 638 3129 aquam
661 3058 696 3114 et
716 3052 860 3131 spiritum
880 3058 1024 3114 sanctum
1045 3056 1176 3115 renatus

106 3158 177 3231 est,
205 3158 239 3216 et
262 3151 344 3215 inter
370 3150 537 3231 adoptivos
562 3148 647 3215 lilios
671 3148 735 3213 Dei
761 3151 1000 3230 adnumeratus,
1037 3152 1177 3230 quamvis

107 3253 208 3318 modo
224 3248 310 3317 filius
328 3251 448 3316 diaboli
465 3254 507 3319 sit
523 3252 677 3316 imitando
694 3250 871 3331 diabolum,
893 3248 1039 3328 solliciti,
1061 3271 1104 3313 ne
1119 3271 1178 3330 per

104 3352 337 3441 negligentiam
352 3353 542 3437 pastoralem
561 3352 722 3435 aliquado
739 3352 851 3417 ovibus
868 3350 960 3415 nobis
976 3350 1105 3415 creditis
1122 3351 1178 3415 de·

107 3458 248 3543 perim,
265 3478 324 3538 pro
341 3478 403 3539 qna
418 3459 451 3521 in
469 3456 634 3521 tremendo
651 3454 768 3520 iudicio
787 3461 862 3518 ante
882 3452 1054 3534 principem
1070 3459 1178 3532 pasto-

112 3580 201 3638 rum,
218 3555 389 3629 Domuum
407 3564 551 3624 nostrum
563 3557 670 3623 Iesum
683 3556 855 3636 Christum,
872 3556 1028 3619 rationem
1044 3554 1178 3617 reddere

110 3656 388 3740 compelleremur,
406 3650 498 3724 iuxta
514 3660 598 3741 qnod
615 3662 683 3740 ipse
699 3656 883 3727 terribiliter
898 3654 989 3720 nobis
1006 3647 1178 3720 commina-

111 3769 166 3827 tur
196 3760 370 3848 dicens†):
405 3760 445 3826 Si
471 3782 534 3825 non
565 3762 808 3826 adnunctnoero
840 3766 949 3845 inuno
976 3763 1180 3845 mtpsrtarem

114 3884 218 3944 esan,
244 3873 430 3949 sanguinem
447 3871 515 3929 esus
533 3865 573 3928 de
588 3883 682 3928 mnas
700 3871 758 3927 toa
774 3868 951 3949 requirens,
976 3861 1119 3925 nunno
1140 3859 1180 3922 ad

184 4072 214 4122 G.
232 4073 372 4122 ccccxli.
406 4072 434 4133 b)
453 4074 536 4132 capnt
545 4084 626 4130 seque
636 4070 772 4119 incertum.
782 4096 811 4107 -
821 4069 915 4119 Burcb.
929 4068 974 4119 Xl.
988 4070 1012 4117 2.
1023 4063 1091 4133 (a),
1103 4066 1180 4114 Dect.

118 4139 184 4191 XIV.
193 4141 313 4205 15.(Β.),
321 4143 381 4189 Ssv.
389 4140 424 4191 X.
433 4142 492 4188 281.
502 4141 560 4189 232.
570 4140 637 4202 (lu),
647 4152 727 4188 omna
736 4138 782 4186 Ex
792 4139 868 4188 vose.
878 4139 1015 4198 Rotam.

185 4210 213 4270 c)
232 4210 271 4257 ct.
281 4210 424 4258 centurist.
432 4209 561 4271 magdeb,
572 4212 638 4256 cent.
647 4208 681 4258 X.
691 4221 714 4257 c.
724 4210 747 4253 6.

247 4321 278 4378 †)
289 4318 374 4365 Επεὶ.
388 4334 409 4366 c.
422 4323 443 4365 8.
456 4333 478 4364 o.
493 4323 525 4365 18.

927 4389 970 4446 24
