2580 4890
506 337 584 417 cap.
606 337 640 397 v.
1043 344 1105 407 an

123 509 177 568 30.
213 503 249 566 Si
267 503 336 584 quis
353 504 629 569 sanctimonialem
646 504 698 569 vel
715 507 843 570 viduam
856 505 928 568 Deo
947 516 1105 573 sacratam

31 609 188 688 rapuerit,
207 614 241 670 ct
257 609 289 669 in
308 608 485 689 coniugium
504 610 661 687 sumserit,
679 609 732 673 vel
748 612 824 690 ipsis
837 612 1104 675 consentientibus

34 732 108 774 cum
127 711 174 772 eis
192 709 367 772 fornicatus
385 707 499 772 fueriti

122 816 184 874 31..
212 810 247 874 si
266 813 333 890 quis
350 813 479 874 vivente
496 814 610 874 marito
630 815 796 896 coniugem
808 812 893 877 illius
908 813 1104 879 adulterasse

33 922 219 992 accusatur,
246 922 292 991 et,
321 934 359 976 eo
385 915 418 975 in
444 916 591 992 proxnno
615 915 779 993 defuneto,
806 916 939 979 eandem
956 920 1105 981 sumsisse

33 1012 249 1100 dignoscitur-l

120 1121 175 1180 ³2.
220 1116 255 1207 Si
273 1115 380 1198 aliqua
396 1116 510 1181 mulier
531 1117 623 1196 dicit,
650 1119 733 1197 quod
759 1120 809 1182 vir
830 1122 897 1182 eius
921 1142 982 1183 non
1005 1125 1106 1200 possit
1165 1158 1170 1170 κ

34 1241 107 1285 cum
133 1240 175 1283 ea
200 1221 304 1299 coire,
332 1227 365 1282 et
387 1219 429 1282 ob
454 1218 537 1282 banc
560 1241 689 1283 causam
715 1220 880 1284 discidium
906 1225 1044 1302 quaerit,
1072 1231 1106 1288 et

34 1321 133 1386 ulium
150 1323 252 1385 virum
270 1320 340 1385 vult
355 1320 515 1401 acciperet
549 1382 550 1387 ,

120 1428 174 1486 33.
184 1406 187 1410 ‚
199 1423 234 1486 Si
243 1425 312 1504 quis
322 1399 574 1486 cumbommatre
584 1429 596 1467 ¹
605 1426 634 1506 ⁶)
644 1423 799 1503 spirituali
806 1424 987 1489 moechatus
996 1427 1104 1507 fuerit,

32 1525 84 1589 vel
104 1527 229 1588 eumin
247 1528 481 1588 matrimonium
499 1527 667 1605 acceperit,
686 1525 888 1605 simtljterss)
908 1527 1102 1607 cumfiliola,

29 1649 127 1709 quam
148 1647 300 1690 erc-sacro
317 1625 407 1691 fonte
422 1631 577 1706 suscepit,
596 1635 651 1691 aut
669 1636 743 1691 ente
761 1631 939 1709 episcopum
956 1629 1078 1694 tenuiti

118 1732 175 1792 34.
219 1729 255 1792 Si
282 1731 352 1810 quia
377 1733 586 1810 propinquam
613 1737 646 1794 et
672 1733 939 1814 consanguineam
960 1753 1050 1796 suam
1071 1734 1104 1795 in

23 1833 269 1896 matrimonium
287 1834 423 1912 accepit,
447 1840 503 1895 aut
520 1854 590 1896 cnm
609 1855 649 1896 ea
665 1834 840 1897 fornicatus
859 1833 924 1898 estl
1088 1818 1092 1823 ¹

111 1937 175 1996 ³5.
217 1932 254 1996 si
272 1933 385 2014 aliquis
402 1933 680 2013 irrationabiliter,
699 1936 733 1998 id
751 1942 811 2014 est,
830 1943 942 2000 contra
959 1946 1102 2001 naturam

19 2058 103 2103 eum
120 2034 273 2117 masculis
291 2045 325 2100 et
340 2038 434 2100 mutis
441 2041 456 2081 ‘1
465 2037 494 2120 ⁸)
513 2040 685 2101 misceatur
702 2036 906 2102 animalibus?

116 2142 173 2202 36.
219 2138 254 2201 Si
275 2161 338 2218 qna
354 2137 468 2201 mulier
485 2138 677 2203 lenocinium
694 2137 824 2202 feceritl

118 2244 173 2303 37.
219 2240 254 2302 Si
281 2226 391 2320 aliquis
417 2243 450 2303 in
478 2262 536 2303 sua
566 2241 659 2303 domo
687 2241 847 2303 consentit
872 2263 942 2304 cum
968 2244 1102 2321 propriis

10 2342 160 2409 ancillis
176 2341 229 2406 vel
247 2343 426 2427 geniciariis
444 2344 511 2405 suis
529 2341 684 2405 adulteria
699 2344 873 2422 perpetrari
886 2340 957 2422 1⁹)l

333 2511 390 2577 De
407 2514 509 2591 furto
529 2519 567 2576 ct
584 2511 800 2597 sacrilegio.

117 2637 174 2697 38.
216 2629 497 2718 Interrogandum,
523 2630 680 2712 sialiquis
707 2633 759 2695 fur
781 2620 836 2696 aut
857 2610 1030 2716 sacrilegus
1047 2633 1099 2713 sit,

16 2741 82 2820 qui
101 2733 261 2801 ecclesias·
273 2731 337 2799 Dei
346 2735 537 2819 infregerit,
558 2733 611 2797 vel
630 2733 748 2814 aliquid
765 2734 805 2798 de
823 2734 959 2798 ecclesia
979 2736 1100 2799 iuratus

13 2844 88 2920 ait,
118 2845 176 2902 aut
196 2835 320 2916 publice
340 2838 496 2916 rapuerit,
525 2844 581 2900 aut
596 2836 734 2900 latenter
752 2830 957 2917 subripuerit,
984 2847 1055 2918 aut,
1074 2841 1101 2901 si

18 2942 150 3022 aliquis
175 2960 278 3018 rupax
299 2946 332 3003 et
351 2946 460 3019 ruptor
482 2947 516 3002 et
538 2941 748 3019 depraedator
773 2937 926 3002 ccclesiae
948 2936 1012 3003 Dei
1039 2949 1098 3003 est.

10 3044 189 3121 -Qumnvis
212 3044 295 3105 enim
316 3041 397 3104 baec
422 3042 590 3105 secundum
618 3041 720 3125 legem
746 3041 914 3105 humanam
941 3043 1102 3105 emendari

15 3147 176 3213 debeant
202 3152 295 3224 utque
322 3143 466 3223 exsolvi,
498 3153 603 3232 tamen
633 3146 829 3223 poenitentia
855 3145 895 3207 ad
922 3146 1100 3224 episcopum
1224 3226 1228 3231 Ι

16 3251 181 3331 pertinet.
227 3278 260 3327 χ

419 3380 480 3446 De
510 3383 717 3475 periurio.

118 3506 173 3567 39.
217 3500 499 3586 Interrogandnm,
535 3503 563 3563 si
589 3497 701 3578 aliquis
726 3497 871 3579 periurus
898 3498 960 3576 sit,
984 3498 1054 3575 but,
1074 3499 1101 3560 si

21 3608 136 3673 ueiens
156 3613 189 3668 et
204 3626 260 3684 pro
279 3604 450 3684 cupiditate
468 3611 596 3666 terrena
612 3597 817 3682 peioraveritl
839 3599 927 3663 Etsi
947 3600 1101 3678 nesciens,

26 3716 99 3788 aut,
117 3709 147 3771 si
164 3714 294 3770 coactus
311 3709 399 3769 iuss'u
417 3707 561 3783 senioris,
581 3712 634 3768 aut
652 3725 708 3784 pro
726 3703 876 3766 membris
892 3711 925 3765 et
936 3704 1004 3765 vita
1016 3703 1101 3765 redi·

24 3804 164 3888 luenda,
192 3816 263 3888 aut,
289 3810 319 3872 'si
345 3809 413 3888 quis
444 3809 583 3870 scienter
610 3829 675 3870 non
693 3805 797 3869 solmn
813 3807 1018 3886 peioraverit,
1046 3805 1101 3868 sed

28 3915 132 3976 etiam
150 3910 230 3974 alios
248 3914 282 3974 in
299 3911 472 3991 periurium
489 3907 667 3972 induxeritl

74 4118 102 4196 ἕ.
119 4123 172 4180 33.
195 4122 246 4190 16)
259 4137 322 4177 cum
335 4127 447 4177 matre:
462 4117 547 4177 TreV.
636 4115 661 4192 §.
681 4121 732 4179 35.
758 4121 809 4186 18)
831 4116 941 4174 brutis.-
962 4110 1037 4171 Hild.

29 4201 94 4262 Ral.
120 4203 228 4262 Burcb.
276 4206 326 4279 17)
352 4202 403 4262 uel
422 4222 485 4262 cum
498 4200 548 4280 Ι..·
636 4203 662 4279 ξ.
682 4207 734 4264 37.
759 4205 818 4269 tm-
836 4200 1013 4258 adulterium
1031 4215 1103 4274 per·

30 4286 155 4349 llelmst.
243 4306 249 4316 ’
588 4295 731 4364 patrare:
752 4285 871 4344 flelmst.
891 4282 957 4341 Par.

827 4383 892 4445 w
