2580 4890
335 338 338 343 ·
409 323 840 405 cap-xxxvr-xxxvu.
1091 331 1162 395 sor

94 493 295 559 sacerdotum
321 491 492 576 Gregorius
523 492 717 573 deponebat,
751 495 847 557 immo
877 516 933 576 pro
960 494 1163 577 qualitatibus

97 594 285 661 delictorum
303 594 470 658 venialiter
486 597 706 658 communione
723 594 877 675 privabat.

182 713 219 777 Si
231 715 261 797 ¹)
283 715 406 794 quando
428 715 526 798 igitur
545 735 647 795 super.
663 714 863 779 sacerdotum
889 716 1068 781 criminibus
1095 726 1165 782 erat

93 814 213 897 aliquid
244 814 473 893 ventilandum,
509 837 579 879 cum
614 836 736 879 summa
765 817 961 881 districtione
991 816 1164 902 grandique

93 916 222 983 cautela
239 915 411 1002 Gregorius
428 918 670 997 uniuscuiusque
688 916 817 998 capituli
833 918 978 983 modulos
997 942 1161 1000 quaerens,

90 1021 288 1085 sententiam
308 1040 397 1083 suam
421 1021 523 1103 magis
546 1016 730 1099 difficulter,
758 1041 851 1100 quam
872 1020 1011 1085 faciliter
1025 1021 1165 1102 promul·

88 1120 193 1207 gabat
213 1121 334 1187 dicens:
364 1117 452 1183 Dum
474 1127 587 1184 cuncta
604 1124 733 1205 negotia
749 1122 948 1206 indagandae
964 1120 1165 1187 solicitudine

89 1224 239 1287 veritatis
255 1224 432 1306 indigeant,
454 1228 522 1286 tum
539 1244 619 1303 quae
637 1224 677 1287 ad
696 1222 905 1288 deiectionem
922 1223 1165 1289 sacerdotalium

87 1326 253 1407 pertinent
278 1324 448 1408 gradmm,
474 1332 550 1387 sunt
575 1324 746 1388 districtius
771 1327 969 1405 trutinanda,
999 1325 1165 1407 inquibus

87 1448 159 1491 non
175 1432 244 1491 tam
260 1426 300 1489 de
317 1423 486 1489 humilibus
498 1428 549 1510 ⁷³)
567 1428 757 1506 constitutis,
779 1449 872 1508 quam
889 1427 928 1492 de
946 1429 1072 1491 divinae
1089 1448 1165 1508 quo-

88 1528 264 1593 dammodo
295 1527 526 1593 benedictionis
555 1527 770 1613 refragatione
787 1527 1021 1617 ,tentatnr¹⁴).
1081 1526 1166 1593 Nem

87 1650 195 1717 grave
220 1631 300 1695 satis
325 1637 375 1694 est
396 1636 433 1694 et
448 1628 615 1710 indecens,
639 1637 680 1702 ¹ut
699 1632 734 1694 iu
753 1652 790 1695 re
812 1630 907 1695 dubie
932 1637 1019 1695 certa
1044 1630 1166 1695 dicatur

86 1733 265 1799 sententia.

88 1898 132 1967 C.
156 1898 345 1967 XXXVII.
394 1901 449 1966 Ne
469 1903 651 1993 sacerdotes
672 1902 819 1984 Doneim',
845 1911 930 1970 sicut
949 1906 1064 1989 volgus
1085 1905 1284 1973 toletanos

364 2006 499 2086 facere,
522 2012 633 2095 iurare
649 2009 887 2090 compellantur.

132 2122 338 2189 Cornelius
355 2122 457 2205 Papa
474 2126 511 2187 iu
528 2121 702 2204 Epistola
718 2123 814 2187 Rufo
833 2123 1025 2190 Orientali
1043 2125 1120 2205 epi·

463 2246 577 2305 scopo
596 2225 742 2288 directa
755 2226 794 2305 ¹).

182 2344 421 2411 Sacramentum
446 2352 552 2409 autem
577 2344 731 2408 bactenus
754 2365 774 2406 a
796 2346 924 2417 smumis
945 2343 1165 2409 sacerdotibus

89 2444 150 2515 vel
167 2444 359 2532 reliquisve)
378 2449 465 2531 exigi
481 2468 538 2528 pro
556 2445 619 2510 fide
635 2452 725 2512 recta
741 2447 870 2510 minime
882 2446 933 2530 ²⁶)
952 2447 1166 2529 cognovimus,
1272 2526 1275 2530 =

88 2571 157 2616 nec
180 2558 294 2630 sponte
316 2568 373 2613 eos
394 2549 515 2613 iurasse
537 2551 722 2630 reperimus.
766 2546 971 2627 summopere
994 2568 1070 2632 ergo
1091 2569 1166 2611 san-

89 2658 167 2717 ctus
190 2650 287 2716 lncob
310 2649 473 2732 apostolus
500 2649 673 2732 probibens
703 2655 934 2713 sacramentum
959 2648 1096 2730 loquitur
1122 2650 1167 2712 di-

90 2752 243 2839 ceus†):
282 2751 373 2817 Ante
403 2760 507 2818 omnio
537 2762 644 2818 autem
667 2754 801 2833 fratrea
830 2759 895 2817 mci
920 2754 1021 2817 acolito
1045 2756 1166 2815 iurare.

90 2854 201 2935 Haec,
222 2854 339 2919 iratres
357 2856 520 2930 carissimi,
537 2857 607 2935 ipse
623 2851 780 2918 Dominus
795 2852 953 2935 prohibet,
974 2853 1007 2917 id
1026 2861 1086 2933 est,
1103 2874 1168 2917 non

91 2956 217 3023 debere
238 2959 343 3021 iurare
365 2965 567 3022 sacramenta
587 2978 651 3020 non
678 2959 781 3041 exigi,
808 2957 870 3020 nisi
893 2976 951 3037 pro
976 2952 1041 3020 fide
1066 2962 1167 3034 recta,

91 3060 180 3125 baec
194 3057 341 3140 Apostoli
357 3061 497 3123 maxime
514 3080 635 3140 omnes,
653 3058 732 3122 baec
749 3060 852 3122 sancti
868 3059 928 3121 viri
944 3057 1168 3138 praedecesso·

91 3183 150 3228 res
168 3162 286 3241 nostri,
309 3163 361 3242 qui
378 3161 450 3224 buic
467 3171 598 3224 sanctae
615 3157 787 3223 universali
804 3166 837 3222 et
853 3156 1048 3238 apostolicae
1067 3157 1168 3220 eccle·

92 3267 166 3329 siae
182 3263 388 3345 praefuerunt
404 3270 478 3327 ante
496 3283 572 3341 nos,
594 3259 674 3324 baec
689 3258 921 3339 Propbetaeet
937 3256 1050 3337 reliqui
1066 3259 1167 3320 sancti

94 3367 248 3432 doctores
268 3387 327 3447 per
347 3366 527 3429 universum
548 3362 697 3427 mundum
715 3362 848 3442 dispersi
865 3359 905 3424 ad
922 3357 1167 3440 praedicandum
1244 3391 1247 3397 ·

87 3471 275 3533 iuramenta
291 3474 411 3532 vetant.

169 3692 198 3811 b)
213 3692 409 3821 XXXllilzsz)
426 3762 511 3821 ceput
523 3758 681 3807 Pseudoisid.
694 3783 727 3793 -
748 3758 787 3804 Gt.
805 3757 856 3805 act.
875 3758 898 3804 1.
912 3754 1023 3805 Concilii
1036 3756 1168 3804 constant.

98 3832 157 3879 bob.
165 3843 228 3880 sun.
236 3831 339 3879 448.-
356 3828 422 3876 coit.
430 3832 490 3876 Ans.
501 3829 556 3877 ded.
566 3832 596 3876 11.
607 3831 664 3876 165.
673 3854 708 3862 -
726 3824 819 3874 Bureb.
828 3827 847 3875 1.
858 3823 1168 3886 19³.(Ans.ded.),1)ecr.

98 3900 128 3946 V.
137 3898 197 3947 3118.
206 3894 270 3963 (R),
282 3897 340 3948 Xlt.
349 3898 400 3959 ll„
411 3900 438 3945 G.
449 3900 479 3943 11.
488 3912 514 3955 q.
525 3898 547 3943 b.
557 3910 580 3945 c.
590 3898 614 3943 1.

203 4010 234 4067 †)
246 4010 325 4055 luced.
341 4027 361 4055 ι.
374 4012 396 4053 5.
409 4022 431 4053 v.
446 4011 479 4053 12.

95 4152 100 4157 -
143 4118 178 4180 c.
205 4118 340 4181 xrtxvr.
370 4122 427 4192 ra>
464 4119 612 4177 sumana.-
657 4119 743 4176 sos:
781 4115 846 4175 aaa.
869 4114 951 4192 aa,
984 4112 1071 4172 neor.
1102 4084 1167 4169 rur.
1233 4170 1239 4183 x

104 4206 178 4283 orig.
201 4208 268 4275 -71)
289 4212 454 4263 mactator:
478 4203 519 4264 ib.
660 4200 752 4274 Grau,
788 4198 957 4260 ordsisiburs
990 4194 1058 4254 add.
1094 4191 1168 4251 Goll.

145 4290 178 4350 [l.
202 4288 352 4351 XXXVII·
376 4293 429 4363 75)
453 4290 513 4349 aes·
531 4290 616 4347 maizi·
660 4287 722 4346 rell.
751 4284 822 4363 Ι76)
842 4282 924 4342 deest
946 4278 1022 4340 llild.
1042 4275 1103 4337 Bal.
