2594 4898
260 385 264 392 -
307 380 313 391 -
359 306 931 432 capceecxxxrx-'ucecxmn
1110 357 1181 418 sor

102 517 224 585 rochia
240 523 352 583 nostru
367 519 514 603 progredi
532 519 662 599 audeat,
686 520 717 583 id
736 529 799 600 ast,
822 528 857 585 ut
874 523 1011 607 inomni
1029 524 1180 605 obsequio

106 621 286 707 religionis,
304 619 464 700 videlicet,
481 623 514 684 in
534 621 708 701 oblatione,
727 624 757 685 in
775 622 993 705 luminaribus,
1011 628 1043 688 in
1063 630 1182 690 oratio·

107 724 205 788 nibus
222 725 350 802 mutuis,
368 725 401 787 in
419 725 581 804 exsequiis
594 723 824 804 defunctorum,
840 727 873 788 in
888 724 1181 811 eleemosynis¹⁹¹)

108 833 143 891 et
161 828 279 890 ceteris
296 826 424 906 pietatis
442 823 564 889 officiis.
584 826 698 891 Pastos
716 834 822 891 autem
839 836 872 892 et
890 832 1181 909 commessationes,

107 950 190 1011 quas
208 928 316 991 divina
333 929 506 991 auctoritas
523 935 627 1008 vetat,
645 929 699 991 ubi
717 937 750 992 ct
765 930 953 1013 gravedines
971 937 1004 993 et
1020 932 1181 995 indebitae

109 1032 317 1111 exactiones,
345 1038 377 1093 et
402 1037 510 1110 turpes
533 1051 570 1092 ac
591 1031 701 1093 inanes
722 1029 865 1095 laetitiae
893 1040 926 1095 et
950 1033 1058 1112 rixae,
1086 1053 1181 1114 saepe
1245 1070 1249 1075 ·

110 1135 226 1213 etiam,
248 1135 329 1196 sicut
347 1134 473 1212 experti
490 1153 614 1211 sumus,
635 1153 734 1213 usqne
756 1134 798 1196 ad
820 1134 990 1197 homicidia
1006 1142 1039 1197 et
1056 1135 1130 1198 odia
1148 1147 1182 1199 et

111 1236 327 1298 dissensiones
345 1235 489 1297 accidere
508 1233 629 1313 solent,
652 1235 732 1297 adeo
754 1238 879 1315 penitus
897 1237 1128 1316 interdicimus,
1146 1245 1182 1301 ut

111 1339 164 1417 qui
188 1345 299 1400 contra
320 1337 382 1400 hoc
405 1338 565 1400 decretum
588 1358 683 1420 agere
701 1340 941 1418 praesumserit,
965 1340 991 1400 si
1014 1339 1182 1421 presbyter

110 1439 209 1502 fuerit
226 1437 277 1501 vel
296 1438 429 1519 quilibet
446 1436 591 1516 clericus,
610 1439 707 1522 gradu
725 1441 878 1518 privatum
897 1443 923 1503 si
942 1439 1042 1503 laicus
1060 1450 1109 1504 est
1126 1449 1182 1504 aut

111 1541 246 1619 femina,
282 1541 322 1603 ab
350 1538 487 1604 ecclesia
516 1560 614 1620 usque
646 1541 687 1603 ad
722 1541 969 1605 satisfactionem
1004 1552 1180 1623 separetur.

113 1641 300 1707 Conventus
322 1649 429 1706 autem
452 1641 561 1706 talium
579 1642 789 1722 confratrum,
816 1666 946 1707 necesse
964 1646 992 1706 si
1010 1644 1120 1723 fuerit,
1146 1653 1182 1709 ut

112 1743 205 1808 simul
225 1746 431 1823 conveniant,
450 1752 504 1808 aut
521 1745 604 1809 forte
623 1744 734 1825 aliquis
753 1753 863 1809 contra
880 1768 989 1826 parem
1007 1769 1097 1810 suum
1115 1748 1181 1810 dis-

112 1848 254 1912 cordiam
280 1848 443 1926 habuerit,
470 1868 563 1928 quem
589 1846 788 1911 reconciliari
810 1869 941 1911 necesse
966 1851 1026 1930 sit,
1054 1855 1086 1912 et
1111 1851 1181 1914 sine

113 1958 271 2014 conventu
287 1949 545 2032 presbyterorum
563 1959 595 2013 et
613 1958 789 2013 ceterorum
808 1973 877 2014 esse
895 1973 957 2014 non
975 1953 1091 2032 possit,
1109 1961 1181 2032 post

110 2059 241 2133 peracta
262 2050 334 2132 illa,
358 2073 438 2133 quae
455 2050 518 2115 Dei
537 2060 659 2116 suntet
677 2050 877 2115 Christianae
899 2052 1045 2136 religioni
1064 2075 1182 2118 conve·

111 2157 218 2231 siunt,
236 2162 359 2235 etpost
377 2153 500 2219 debitas
519 2155 766 2228 admonitiones,
785 2156 813 2216 si
831 2156 1013 2238 contigerit,
1031 2162 1067 2218 ut
1084 2177 1180 2219 verae

111 2258 256 2321 caritatis
283 2264 316 2319 et
340 2256 502 2319 fraternae
528 2257 560 2319 in
586 2259 722 2319 invicem
750 2254 976 2319 consolationis
1003 2277 1113 2319 omnes
1139 2256 1181 2320 ad

88 2384 91 2397 ³
109 2360 322 2424 refectionem
340 2361 544 2436 conveniant,
566 2359 612 2421 sic
629 2357 707 2421 talia
724 2355 795 2420 fieri
812 2357 1038 2437 permittimuS,
1060 2363 1097 2420 ut
1114 2379 1181 2421 ser·

109 2469 187 2537 vata
203 2461 361 2524 modestia
378 2469 413 2524 et
429 2463 634 2540 temperantia
653 2468 685 2523 et
698 2460 873 2523 sobrietate
886 2461 1034 2538 pacisque
1049 2472 1181 2522 concor-

107 2564 181 2643 dia,
209 2564 292 2626 siout
309 2564 401 2627 decet
416 2563 549 2640 fratres,
577 2563 685 2624 omnia
706 2563 738 2623 in
757 2558 1010 2624 aedificationem
1030 2562 1181 2624 fraterni·

106 2668 204 2746 tatis,
236 2648 270 2728 et
295 2663 422 2729 laudem
450 2672 481 2728 et
506 2663 642 2748 gloriam
669 2661 748 2742 Dei,
780 2671 812 2726 et
838 2666 1013 2746 gratiarum
1040 2665 1180 2727 actiones

104 2767 202 2833 fiant.
256 2767 300 2831 Et
329 2767 391 2830 boc
423 2769 552 2830 omnino
584 2774 748 2845 caveatur,
786 2767 867 2845 quod
892 2764 1040 2828 Salvator
1066 2765 1179 2851 ait†):

112 2870 250 2948 Videte,
269 2889 309 2933 ne
324 2879 504 2955 graventur
521 2870 618 2933 cordo
634 2879 743 2933 vestro
760 2876 795 2933 in
812 2871 945 2952 crapula
963 2878 998 2932 et
1010 2866 1177 2933 ebrietate.

105 2970 178 3049 Qui
197 2971 373 3049 voluerint,
397 2970 538 3054 eulogias
563 2994 582 3034 a
603 2972 791 3053 presbytero
814 2973 984 3050 accipiant,
1012 2977 1044 3034 et
1066 2992 1180 3051 panem

101 3081 237 3140 tantum
262 3074 445 3158 frangentes
471 3072 586 3158 singuli
612 3072 752 3158 singulos
784 3075 941 3153 accipiant.
969 3068 1113 3151 biberes,
1149 3080 1182 3136 et

102 3175 192 3259 nihil
220 3175 352 3256 amplius
375 3177 558 3259 contingere
579 3183 791 3254 praesumant.
837 3175 879 3238 Et
901 3177 946 3236 sic
968 3177 1180 3254 unusquisque

103 3280 151 3344 ad
172 3300 232 3341 sua
249 3300 317 3342 cum
337 3277 558 3342 benedictione
575 3274 707 3340 Domini
723 3279 844 3340 redeat.

102 3448 147 3514 C.
171 3444 396 3514 ccccxull.
452 3447 510 3527 Ut,
533 3455 565 3512 ei
579 3446 746 3532 presbyter
769 3447 940 3527 dffcnctm
953 3448 1077 3527 suerit,
1100 3453 1237 3513 vici-433

176 3571 237 3613 nea
253 3550 429 3634 presbyter
443 3552 532 3634 epod
551 3557 704 3614 seniorem
725 3553 898 3615 seculorem
921 3569 1116 3634 nequequam

482 3655 646 3718 eccleciam
664 3652 815 3717 obtineat.

516 3789 573 3852 Ex
591 3786 779 3872 eodemk).

198 3907 265 4007 Ut,
279 3911 306 3972 si
324 3908 456 3990 quilibet
473 3907 730 3990 presbyterorum
748 3907 913 3973 defunctus
930 3908 1041 3993 fuerit,
1061 3909 1179 3970 vicinus

181 4086 211 4132 C.
230 4084 390 4130 ccccxnll.
424 4084 453 4145 k)
471 4085 499 4129 C.
514 4086 554 4129 16.
568 4082 639 4143 ibid,
649 4082 749 4132 Hincm.
765 4098 787 4133 c.
798 4085 838 4132 17.
847 4108 881 4120 -
891 4083 983 4131 Burtb.
994 4076 1178 4142 111.229.(1t.)‚

104 4157 188 4203 Dect.
198 4152 242 4200 111.
252 4154 310 4200 269.
319 4152 377 4215 (3.).

242 4230 272 4286 †)
289 4229 348 4275 Luc.
367 4243 386 4273 c.
404 4233 437 4273 21.
456 4242 477 4273 o.
496 4233 529 4274 34.

154 4305 189 4364 C.
212 4303 387 4363 ccccxli.
412 4308 486 4383 791)
502 4305 760 4381 eleemosynariis:
778 4305 852 4381 orig.
946 4369 950 4376 ,

899 4402 939 4462 25
951 4401 965 4429 ¹¹
