2594 4898
391 324 468 404 Cap.
492 317 871 385 ccccxl-ccccxlv.
1107 324 1173 424 181

99 502 265 562 annuente
283 490 412 558 Christo
432 500 563 557 sanotae
585 490 672 556 illius
698 491 852 557 eeclesiae
877 498 983 557 reotor
1017 492 1174 572 quendam

101 597 262 663 eeclesiae
278 603 408 661 nostrae
426 593 593 673 famulum,
611 597 740 659 nomine
757 593 846 658 illum
859 595 947 678 ⁶²⁵),
970 596 1069 659 saeris
1088 595 1175 658 ordi·

101 702 197 766 nibus
215 698 373 776 oblatum,
392 697 434 761 ad
450 695 559 761 altaris
583 719 692 776 cornu,
712 695 865 762 nobilium
881 700 1021 761 viromm
1033 699 1066 761 in
1080 719 1173 779 prae·

102 806 210 868 sentia
226 823 285 882 per
301 801 363 864 boe
384 801 581 866 auctoritatis
604 807 827 863 testamentum
845 808 965 879 statuo,
992 803 1053 880 ita,
1080 807 1116 864 ut
1133 799 1174 865 ab

102 905 260 969 hodierno
279 903 330 966 die
348 910 381 965 et
398 910 539 980 tempore
557 901 639 965 bene
656 905 809 986 ingenuus
833 913 927 983 atque
945 902 985 967 ab
1004 905 1089 966 omni
1107 924 1175 968 ser·

102 1009 213 1071 vitutis
236 995 361 1068 vinc'ulo
384 1025 512 1097 securus
533 1011 731 1083 permaneat,
758 1012 908 1085 tanquam
926 1007 952 1068 ai
971 1005 1012 1070 ab
1031 1007 1176 1089 ingenuis

103 1108 289 1190 parentibus
306 1106 419 1170 luisset
434 1114 618 1185 procreatus
641 1105 692 1169 vel
714 1115 822 1186 natus,
850 1108 1044 1188 eandemque
1063 1117 1177 1192 pergat

103 1220 247 1291 partem,
289 1229 502 1299 quamcunque
532 1206 642 1270 volens
675 1211 826 1272 canonice
856 1209 1008 1294 elegerit,
1047 1212 1109 1289 ita,
1139 1217 1176 1274 nt

104 1316 255 1393 deinceps
289 1332 347 1383 nee
376 1309 489 1388 nobie,
523 1331 624 1390 neque
659 1311 893 1374 suecessoribus
928 1313 1045 1375 nostris
1076 1310 1177 1375 ullum

104 1416 220 1480 debeat
244 1414 363 1478 nomiae
389 1413 578 1476 conditionis
604 1414 784 1492 servitium,
812 1415 868 1476 sed
890 1414 1035 1478 omnibus
1063 1413 1175 1479 diebus

106 1520 193 1580 vitae
211 1522 293 1585 ‘suae
314 1514 372 1578 sub
398 1522 486 1578 certa
507 1513 750 1594 plenissimaque
776 1517 988 1598 ingenuitate,
1015 1518 1097 1579 sieut
1122 1514 1178 1581 alii

105 1623 192 1685 nives
214 1617 366 1696 Romani,
392 1638 450 1696 per
476 1617 558 1680 hune
587 1619 842 1681 manumissionis
874 1628 968 1698 atque
997 1620 1176 1703 ingenuita-

104 1727 146 1786 tis
174 1720 300 1785 titulum
326 1720 406 1783 bene
432 1740 558 1799 semper
583 1721 738 1803 ingenuus
763 1730 863 1800 ‚atque
889 1742 1018 1784 securus
1045 1723 1176 1784 existat.

105 1826 290 1908 Suum⁶²⁶)
315 1844 392 1886 vero
418 1819 592 1901 peculiare,
620 1823 702 1901 quod
730 1822 840 1900 babet,
868 1816 920 1886 v'el
946 1821 1029 1905 quod
1055 1821 1170 1887 abbino

105 1927 160 1991 vel
177 1927 326 2005 deinceps
342 1926 468 2004 assequi
485 1926 616 2004 poterit,
639 1923 738 1988 faeiat
761 1927 833 1988 inde
851 1927 1023 1990 seeundum
1041 1927 1172 1989 eanoni-

106 2053 176 2094 eam
203 2030 423 2092 auctoritatem
448 2025 565 2104 libere,
595 2027 743 2107 quidquid
769 2026 916 2091 voluerit.
963 2028 1006 2091 Et
1031 2036 1068 2090 ut
1094 2027 1173 2093 haee

105 2132 310 2216 ingenuitatis
327 2131 442 2212 pagina
460 2127 675 2194 inviolabilem
693 2128 837 2192 obtineat
854 2127 1057 2209 firmitatem,
1078 2151 1174 2195 manu

105 2236 233 2315 propria
249 2214 336 2297 illam
352 2231 581 2295 roboravimus.

123 2402 162 2468 C.
184 2401 392 2469 ccccxlv.
427 2401 608 2488 Exemplar
625 2393 786 2481 libertate&
804 2404 843 2468 de
854 2410 989 2489 proprio
1005 2401 1154 2488 nervon).
1183 2418 1235 2465 toa

193 2539 258 2619 Qui
276 2541 416 2605 debitum
433 2541 495 2605 sibi
512 2564 631 2607 nexum
648 2550 741 2621 atque
760 2550 942 2623 competens
964 2539 1092 2606 relaxat
1109 2562 1175 2607 ser·

106 2645 234 2723 vitium,
261 2624 432 2724 praemidm
454 2629 487 2706 in
508 2645 613 2708 loturo
637 2645 718 2725 apud
741 2645 904 2708 dominum
926 2644 988 2708 sibi
1010 2645 1176 2723 provenire

106 2769 171 2812 non
190 2745 324 2811 dubitet.
361 2742 562 2827 Quapropter
580 2768 639 2831 ego
656 2751 689 2809 in
703 2745 767 2809 Dei
785 2749 913 2811 nomine
931 2745 986 2811 ille
1003 2768 1060 2827 pro
1074 2767 1177 2811 reme·

107 2850 160 2912 dio
179 2851 306 2921 animae
323 2832 414 2911 meae
434 2848 484 2912 vel
503 2857 634 2913 aeterna
650 2851 859 2913 retributione
876 2832 908 2913 in
924 2848 1058 2913 eeclesia
1075 2851 1178 2913 sancti

106 2951 195 3015 Petri
219 2948 271 3014 vel
294 2948 378 3014 illius
399 2953 502 3015 saneti
523 2936 580 3015 sub
599 2955 780 3033 praeseutia
799 2955 939 3034 episcopi
956 2950 1009 3015 vel
1028 2951 1175 3015 sacerdo·

106 3062 175 3117 tum
201 3053 246 3116 ibi
273 3056 509 3117 consistentium
536 3076 573 3116 ao
599 3054 751 3118 nobilium
777 3054 945 3135 laicorum,
977 3061 1050 3119 ante
1077 3075 1180 3117 cornu

108 3154 218 3219 altaris
245 3156 335 3219 istius
362 3152 535 3235 ecelesiae,
572 3156 704 3220 absolvo
731 3179 856 3221 servum
882 3179 987 3221 meum
1012 3154 1100 3219 illum
1120 3176 1178 3235 per

107 3257 188 3321 bano
216 3265 335 3321 eadam
362 3256 571 3322 absolutionis
594 3267 625 3321 et
646 3262 849 3342 ingenuitatis
872 3259 912 3322 ab
938 3260 1024 3321 omni
1051 3255 1181 3321 vinculo.

108 3362 284 3438 servitutis,
311 3361 371 3439 ita,
398 3367 434 3423 ut
456 3359 496 3423 ab
520 3360 655 3424 hoodie
679 3369 710 3424 et
734 3362 881 3440 deinceps
904 3363 1058 3443 ingenuus
1081 3359 1123 3421 sit
1144 3364 1180 3420 et

108 3463 263 3546 ingenuus
288 3469 490 3543 permaneat,
527 3470 676 3543 tanquam
702 3464 729 3524 si
757 3461 797 3539 ab
824 3464 968 3545 ingenuis
994 3459 1178 3540 parentibus

106 3564 221 3627 fuisset
247 3573 339 3627 natus
365 3562 418 3628 vel
444 3566 645 3644 procreatus,
677 3586 747 3629 eam
774 3576 886 3647 pergat
910 3570 1053 3642 partem,
1085 3583 1180 3644 quam

107 3665 269 3745 maluerit,
305 3665 357 3729 vel
384 3689 476 3747 quarn
503 3669 533 3730 ei
560 3670 732 3731 auctoritas
759 3669 912 3730 canonica
939 3667 1106 3747 permittit,
1134 3676 1178 3748 et,

107 3770 190 3832 siout
224 3767 280 3831 alii
309 3771 395 3833 cives
421 3768 572 3849 Romani,
607 3772 704 3834 vitam
741 3771 835 3833 ducat
868 3772 1048 3855 ingenuam.
1091 3764 1179 3833 Nulli

176 3962 204 4008 C.
223 3961 374 4009 CCCCXIV.
411 3958 447 4025 nt)
460 3962 559 4010 Similia
569 3962 685 4010 invenies
699 3962 848 4009 inFormul.
860 3964 988 4012 Sirmond.
999 3965 1087 4025 e.12.,
1106 3965 1178 4010 Mar·

107 4029 164 4075 culti
177 4030 207 4076 ll.
218 4030 270 4088 32„
290 4030 441 4089 Bignonian.
458 4044 479 4077 e.
495 4033 531 4088 1.,
551 4030 718 4092 Lindenbrog.
733 4046 755 4079 c.
770 4034 824 4093 oo,
843 4046 1000 4091 aequavero
1015 4033 1083 4079 inter
1096 4033 1178 4078 editas

106 4101 194 4144 exstat
205 4097 327 4155 formula,
347 4113 413 4156 quae
423 4099 528 4146 omnino
539 4099 645 4156 quadret
655 4114 713 4146 eum
723 4101 862 4160 Reginone.
872 4126 906 4136 —
924 4101 1016 4149 Burob.
1027 4103 1056 4148 ll.
1068 4103 1108 4148 30.
1117 4098 1177 4164 (a),

106 4165 184 4213 Deer.
195 4166 236 4211 Vl.
248 4167 305 4213 131.
315 4166 379 4229 (Β.);
399 4167 443 4212 Ex
454 4167 530 4214 Cone.
544 4167 661 4215 Taleton.
667 4181 679 4227 ,·
691 4169 724 4216 ef.
735 4182 814 4228 supra
823 4184 845 4218 c.
857 4170 1004 4216 ccccviii.
1014 4172 1067 4216 not.
1078 4168 1108 4229 l).

124 4263 345 4361 uuc'ocxru.
365 4302 662 4375 anomoeorum.-
675 4272 744 4365 isis
763 4309 837 4376 ore)
851 4302 1103 4363 nesea-uam.
1116 4299 1175 4359 aa.
