<?xml version="1.0" encoding="UTF-8"?>
<!DOCTYPE html PUBLIC "-//W3C//DTD XHTML 1.0 Transitional//EN"
    "http://www.w3.org/TR/xhtml1/DTD/xhtml1-transitional.dtd">
<html xmlns="http://www.w3.org/1999/xhtml" xml:lang="en" lang="en">
 <head>
  <title>
</title>
<meta http-equiv="Content-Type" content="text/html;charset=utf-8" />
  <meta name='ocr-system' content='tesseract 3.04.00' />
  <meta name='ocr-capabilities' content='ocr_page ocr_carea ocr_par ocr_line ocrx_word'/>
</head>
<body>
  <div class='ocr_page' id='page_1' title='image "./reginonisabbati00wassgoog_0474.png"; bbox 0 0 2594 4898; ppageno 0'>
   <div class='ocr_carea' id='block_1_1' title="bbox 414 329 1182 416">
    <p class='ocr_par' dir='ltr' id='par_1_1' title="bbox 414 329 1182 416">
     <span class='ocr_line' id='line_1_1' title="bbox 414 329 1182 416; baseline 0.013 -24"><span class='ocrx_word' id='word_1_1' title='bbox 414 329 498 415; x_wconf 79' lang='lat' dir='ltr'><strong>App.</strong></span> <span class='ocrx_word' id='word_1_2' title='bbox 518 331 554 396; x_wconf 89' lang='grc' dir='ltr'><strong>ΙΙ.</strong></span> <span class='ocrx_word' id='word_1_3' title='bbox 573 350 644 416; x_wconf 85' lang='lat' dir='ltr'><strong>cap.</strong></span> <span class='ocrx_word' id='word_1_4' title='bbox 662 332 781 399; x_wconf 73' lang='lat' dir='ltr'><strong>xxl-</strong></span> <span class='ocrx_word' id='word_1_5' title='bbox 791 335 883 401; x_wconf 79' lang='lat' dir='ltr'><strong>XXV.</strong></span> <span class='ocrx_word' id='word_1_6' title='bbox 1113 345 1182 410; x_wconf 71' lang='grc'><strong>451</strong></span> 
     </span>
    </p>
   </div>
   <div class='ocr_carea' id='block_1_2' title="bbox 77 501 1242 1503">
    <p class='ocr_par' dir='ltr' id='par_1_2' title="bbox 111 501 1242 897">
     <span class='ocr_line' id='line_1_2' title="bbox 112 501 1242 587; baseline 0.011 -21"><span class='ocrx_word' id='word_1_7' title='bbox 112 501 312 566; x_wconf 80' lang='lat' dir='ltr'><strong>commisisse</strong></span> <span class='ocrx_word' id='word_1_8' title='bbox 333 504 537 587; x_wconf 84' lang='lat' dir='ltr'><strong>cogneveris,</strong></span> <span class='ocrx_word' id='word_1_9' title='bbox 564 526 605 567; x_wconf 90' lang='lat' dir='ltr'><strong>ne</strong></span> <span class='ocrx_word' id='word_1_10' title='bbox 631 502 717 569; x_wconf 80' lang='lat' dir='ltr'><strong>illius</strong></span> <span class='ocrx_word' id='word_1_11' title='bbox 740 507 904 571; x_wconf 72' lang='lat' dir='ltr'><strong>convenio</strong></span> <span class='ocrx_word' id='word_1_12' title='bbox 929 511 1025 575; x_wconf 83' lang='lat' dir='ltr'><strong>uxori</strong></span> <span class='ocrx_word' id='word_1_13' title='bbox 1049 509 1181 577; x_wconf 85' lang='lat' dir='ltr'><strong>relictae</strong></span> <span class='ocrx_word' id='word_1_14' title='bbox 1238 510 1242 517; x_wconf 78' lang='grc'>’</span> 
     </span>
     <span class='ocr_line' id='line_1_3' title="bbox 111 601 1181 692; baseline 0.011 -25"><span class='ocrx_word' id='word_1_15' title='bbox 111 605 148 667; x_wconf 82' lang='grc' dir='ltr'><strong>ἱιι</strong></span> <span class='ocrx_word' id='word_1_16' title='bbox 168 602 279 668; x_wconf 87' lang='lat' dir='ltr'><strong>seculo</strong></span> <span class='ocrx_word' id='word_1_17' title='bbox 300 601 373 667; x_wconf 87' lang='lat' dir='ltr'><strong>fieri</strong></span> <span class='ocrx_word' id='word_1_18' title='bbox 392 607 493 684; x_wconf 79' lang='lat' dir='ltr'><strong>possit</strong></span> <span class='ocrx_word' id='word_1_19' title='bbox 512 606 699 685; x_wconf 68' lang='lat' dir='ltr'><strong>perditionis</strong></span> <span class='ocrx_word' id='word_1_20' title='bbox 721 611 863 688; x_wconf 82' lang='lat' dir='ltr'><strong>occasio,</strong></span> <span class='ocrx_word' id='word_1_21' title='bbox 884 609 1044 692; x_wconf 82' lang='lat' dir='ltr'><strong>volumus,</strong></span> <span class='ocrx_word' id='word_1_22' title='bbox 1062 621 1098 678; x_wconf 88' lang='lat' dir='ltr'><strong>ut</strong></span> <span class='ocrx_word' id='word_1_23' title='bbox 1113 634 1181 678; x_wconf 87' lang='lat' dir='ltr'><strong>ma-</strong></span> 
     </span>
     <span class='ocr_line' id='line_1_4' title="bbox 111 704 1180 791; baseline 0.007 -20"><span class='ocrx_word' id='word_1_24' title='bbox 111 707 211 771; x_wconf 84' lang='lat' dir='ltr'><strong>ritum</strong></span> <span class='ocrx_word' id='word_1_25' title='bbox 228 727 318 771; x_wconf 82' lang='lat' dir='ltr'><strong>auum</strong></span> <span class='ocrx_word' id='word_1_26' title='bbox 335 704 395 785; x_wconf 88' lang='lat' dir='ltr'><strong>iIIi,</strong></span> <span class='ocrx_word' id='word_1_27' title='bbox 411 705 475 785; x_wconf 88' lang='lat' dir='ltr'><strong>ch,</strong></span> <span class='ocrx_word' id='word_1_28' title='bbox 493 708 522 770; x_wconf 92' lang='lat' dir='ltr'><strong>si</strong></span> <span class='ocrx_word' id='word_1_29' title='bbox 538 709 603 772; x_wconf 89' lang='lat' dir='ltr'><strong>iam</strong></span> <span class='ocrx_word' id='word_1_30' title='bbox 620 716 804 791; x_wconf 76' lang='lat' dir='ltr'><strong>tonsoratus</strong></span> <span class='ocrx_word' id='word_1_31' title='bbox 822 719 883 791; x_wconf 92' lang='lat' dir='ltr'><strong>est,</strong></span> <span class='ocrx_word' id='word_1_32' title='bbox 900 712 1033 777; x_wconf 89' lang='lat' dir='ltr'><strong>reddere</strong></span> <span class='ocrx_word' id='word_1_33' title='bbox 1051 717 1180 781; x_wconf 87' lang='lat' dir='ltr'><strong>omnino</strong></span> 
     </span>
     <span class='ocr_line' id='line_1_5' title="bbox 112 806 1180 897; baseline 0.008 -25"><span class='ocrx_word' id='word_1_34' title='bbox 112 806 234 873; x_wconf 74' lang='lat' dir='ltr'><strong>debem</strong></span> <span class='ocrx_word' id='word_1_35' title='bbox 252 809 461 871; x_wconf 82' lang='lat' dir='ltr'><strong>excusatione</strong></span> <span class='ocrx_word' id='word_1_36' title='bbox 478 818 633 891; x_wconf 84' lang='lat' dir='ltr'><strong>cessante,</strong></span> <span class='ocrx_word' id='word_1_37' title='bbox 653 814 735 892; x_wconf 83' lang='lat' dir='ltr'><strong>quin,</strong></span> <span class='ocrx_word' id='word_1_38' title='bbox 754 815 817 877; x_wconf 86' lang='lat' dir='ltr'><strong>etsi</strong></span> <span class='ocrx_word' id='word_1_39' title='bbox 835 814 996 878; x_wconf 88' lang='lat' dir='ltr'><strong>mundana</strong></span> <span class='ocrx_word' id='word_1_40' title='bbox 1018 813 1076 881; x_wconf 82' lang='lat' dir='ltr'><strong>Iex</strong></span> <span class='ocrx_word' id='word_1_41' title='bbox 1086 808 1180 897; x_wconf 72' lang='lat' dir='ltr'><strong>prae·</strong></span> 
     </span>
    </p>

    <p class='ocr_par' dir='ltr' id='par_1_3' title="bbox 77 910 1182 1503">
     <span class='ocr_line' id='line_1_6' title="bbox 77 910 1181 997; baseline 0.007 -23"><span class='ocrx_word' id='word_1_42' title='bbox 77 954 81 959; x_wconf 95' lang='lat'>-</span> <span class='ocrx_word' id='word_1_43' title='bbox 112 912 205 990; x_wconf 75' lang='lat' dir='ltr'><strong>cipit,</strong></span> <span class='ocrx_word' id='word_1_44' title='bbox 232 910 448 973; x_wconf 71' lang='lat' dir='ltr'><strong>conversionis</strong></span> <span class='ocrx_word' id='word_1_45' title='bbox 462 913 511 994; x_wconf 81' lang='lat'><strong>⁵⁰)</strong></span> <span class='ocrx_word' id='word_1_46' title='bbox 537 914 643 997; x_wconf 85' lang='lat' dir='ltr'><strong>gratia</strong></span> <span class='ocrx_word' id='word_1_47' title='bbox 668 912 820 978; x_wconf 87' lang='lat' dir='ltr'><strong>utrolibet</strong></span> <span class='ocrx_word' id='word_1_48' title='bbox 848 918 950 980; x_wconf 84' lang='lat' dir='ltr'><strong>invito</strong></span> <span class='ocrx_word' id='word_1_49' title='bbox 980 913 1063 980; x_wconf 82' lang='lat' dir='ltr'><strong>solvi</strong></span> <span class='ocrx_word' id='word_1_50' title='bbox 1087 939 1181 997; x_wconf 81' lang='lat' dir='ltr'><strong>posse</strong></span> 
     </span>
     <span class='ocr_line' id='line_1_7' title="bbox 112 1012 1181 1098; baseline 0.007 -22"><span class='ocrx_word' id='word_1_51' title='bbox 112 1014 309 1096; x_wconf 84' lang='lat' dir='ltr'><strong>coniugium,</strong></span> <span class='ocrx_word' id='word_1_52' title='bbox 329 1012 436 1075; x_wconf 86' lang='lat' dir='ltr'><strong>divina</strong></span> <span class='ocrx_word' id='word_1_53' title='bbox 452 1018 559 1076; x_wconf 86' lang='lat' dir='ltr'><strong>tamen</strong></span> <span class='ocrx_word' id='word_1_54' title='bbox 577 1012 635 1078; x_wconf 85' lang='lat' dir='ltr'><strong>Iex</strong></span> <span class='ocrx_word' id='word_1_55' title='bbox 651 1012 723 1079; x_wconf 86' lang='lat' dir='ltr'><strong>fieri</strong></span> <span class='ocrx_word' id='word_1_56' title='bbox 740 1037 803 1080; x_wconf 90' lang='lat' dir='ltr'><strong>non</strong></span> <span class='ocrx_word' id='word_1_57' title='bbox 822 1020 983 1097; x_wconf 82' lang='lat' dir='ltr'><strong>permittit.</strong></span> <span class='ocrx_word' id='word_1_58' title='bbox 999 1014 1103 1098; x_wconf 85' lang='lat' dir='ltr'><strong>Nom,</strong></span> <span class='ocrx_word' id='word_1_59' title='bbox 1122 1042 1181 1084; x_wconf 82' lang='lat' dir='ltr'><strong>ex·</strong></span> 
     </span>
     <span class='ocr_line' id='line_1_8' title="bbox 113 1114 1182 1202; baseline 0.007 -24"><span class='ocrx_word' id='word_1_60' title='bbox 113 1120 208 1194; x_wconf 81' lang='lat' dir='ltr'><strong>cepte</strong></span> <span class='ocrx_word' id='word_1_61' title='bbox 231 1114 450 1178; x_wconf 85' lang='lat' dir='ltr'><strong>Iomicationis</strong></span> <span class='ocrx_word' id='word_1_62' title='bbox 477 1136 582 1194; x_wconf 84' lang='lat' dir='ltr'><strong>cansa,</strong></span> <span class='ocrx_word' id='word_1_63' title='bbox 608 1119 710 1181; x_wconf 89' lang='lat' dir='ltr'><strong>virum</strong></span> <span class='ocrx_word' id='word_1_64' title='bbox 735 1140 871 1184; x_wconf 87' lang='lat' dir='ltr'><strong>uxorem</strong></span> <span class='ocrx_word' id='word_1_65' title='bbox 896 1119 1075 1202; x_wconf 88' lang='lat' dir='ltr'><strong>relinquere</strong></span> <span class='ocrx_word' id='word_1_66' title='bbox 1093 1120 1182 1186; x_wconf 84' lang='lat' dir='ltr'><strong>mdia</strong></span> 
     </span>
     <span class='ocr_line' id='line_1_9' title="bbox 111 1217 1181 1308; baseline 0.007 -29"><span class='ocrx_word' id='word_1_67' title='bbox 111 1218 239 1279; x_wconf 83' lang='lat' dir='ltr'><strong>ratione</strong></span> <span class='ocrx_word' id='word_1_68' title='bbox 259 1217 418 1296; x_wconf 88' lang='lat' dir='ltr'><strong>concedit,</strong></span> <span class='ocrx_word' id='word_1_69' title='bbox 445 1219 532 1297; x_wconf 89' lang='lat' dir='ltr'><strong>quia,</strong></span> <span class='ocrx_word' id='word_1_70' title='bbox 552 1225 719 1299; x_wconf 85' lang='lat' dir='ltr'><strong>postquam</strong></span> <span class='ocrx_word' id='word_1_71' title='bbox 741 1221 940 1302; x_wconf 78' lang='lat' dir='ltr'><strong>copulatione</strong></span> <span class='ocrx_word' id='word_1_72' title='bbox 961 1225 1098 1308; x_wconf 88' lang='lat' dir='ltr'><strong>coniugii</strong></span> <span class='ocrx_word' id='word_1_73' title='bbox 1121 1226 1181 1287; x_wconf 89' lang='lat' dir='ltr'><strong>viri</strong></span> 
     </span>
     <span class='ocr_line' id='line_1_10' title="bbox 113 1317 1179 1406; baseline 0.01 -26"><span class='ocrx_word' id='word_1_74' title='bbox 113 1326 208 1399; x_wconf 85' lang='lat' dir='ltr'><strong>atque</strong></span> <span class='ocrx_word' id='word_1_75' title='bbox 229 1317 369 1383; x_wconf 90' lang='lat' dir='ltr'><strong>mulieris</strong></span> <span class='ocrx_word' id='word_1_76' title='bbox 390 1341 486 1383; x_wconf 89' lang='lat' dir='ltr'><strong>unum</strong></span> <span class='ocrx_word' id='word_1_77' title='bbox 507 1341 620 1402; x_wconf 87' lang='lat' dir='ltr'><strong>corpus</strong></span> <span class='ocrx_word' id='word_1_78' title='bbox 642 1319 792 1403; x_wconf 89' lang='lat' dir='ltr'><strong>efficitur,</strong></span> <span class='ocrx_word' id='word_1_79' title='bbox 816 1346 880 1388; x_wconf 90' lang='lat' dir='ltr'><strong>non</strong></span> <span class='ocrx_word' id='word_1_80' title='bbox 901 1332 1008 1406; x_wconf 87' lang='lat' dir='ltr'><strong>potest</strong></span> <span class='ocrx_word' id='word_1_81' title='bbox 1029 1347 1073 1390; x_wconf 84' lang='lat' dir='ltr'><strong>ex</strong></span> <span class='ocrx_word' id='word_1_82' title='bbox 1089 1334 1179 1406; x_wconf 86' lang='lat' dir='ltr'><strong>perte</strong></span> 
     </span>
     <span class='ocr_line' id='line_1_11' title="bbox 113 1422 819 1503; baseline 0.004 -19"><span class='ocrx_word' id='word_1_83' title='bbox 113 1423 258 1485; x_wconf 87' lang='lat' dir='ltr'><strong>converti</strong></span> <span class='ocrx_word' id='word_1_84' title='bbox 275 1429 307 1485; x_wconf 90' lang='lat' dir='ltr'><strong>et</strong></span> <span class='ocrx_word' id='word_1_85' title='bbox 325 1443 368 1485; x_wconf 88' lang='lat' dir='ltr'><strong>ex</strong></span> <span class='ocrx_word' id='word_1_86' title='bbox 385 1424 526 1503; x_wconf 90' lang='lat' dir='ltr'><strong>partein</strong></span> <span class='ocrx_word' id='word_1_87' title='bbox 543 1422 650 1487; x_wconf 88' lang='lat' dir='ltr'><strong>seculo</strong></span> <span class='ocrx_word' id='word_1_88' title='bbox 668 1446 819 1489; x_wconf 52' lang='lat' dir='ltr'><strong>manere,</strong></span> 
     </span>
    </p>
   </div>
   <div class='ocr_carea' id='block_1_3' title="bbox 114 1622 1290 1898">
    <p class='ocr_par' dir='ltr' id='par_1_4' title="bbox 114 1622 1290 1898">
     <span class='ocr_line' id='line_1_12' title="bbox 114 1622 1290 1714; baseline 0.005 -26"><span class='ocrx_word' id='word_1_89' title='bbox 114 1622 152 1688; x_wconf 84' lang='lat' dir='ltr'><strong>C.</strong></span> <span class='ocrx_word' id='word_1_90' title='bbox 170 1623 302 1688; x_wconf 85' lang='lat' dir='ltr'><strong>XXIV.</strong></span> <span class='ocrx_word' id='word_1_91' title='bbox 345 1624 535 1712; x_wconf 79' lang='lat' dir='ltr'><strong>Epeicopom</strong></span> <span class='ocrx_word' id='word_1_92' title='bbox 556 1624 670 1693; x_wconf 80' lang='lat' dir='ltr'><strong>debere</strong></span> <span class='ocrx_word' id='word_1_93' title='bbox 690 1627 836 1693; x_wconf 77' lang='lat' dir='ltr'><strong>honorem</strong></span> <span class='ocrx_word' id='word_1_94' title='bbox 858 1632 1028 1714; x_wconf 83' lang='lat' dir='ltr'><strong>deponere,</strong></span> <span class='ocrx_word' id='word_1_95' title='bbox 1054 1635 1085 1695; x_wconf 76' lang='grc' dir='ltr'><strong>εἰ</strong></span> <span class='ocrx_word' id='word_1_96' title='bbox 1106 1651 1179 1695; x_wconf 76' lang='lat' dir='ltr'><strong>ceu-</strong></span> <span class='ocrx_word' id='word_1_97' title='bbox 1189 1648 1217 1696; x_wconf 78' lang='grc' dir='ltr'><strong>Α.</strong></span> <span class='ocrx_word' id='word_1_98' title='bbox 1229 1651 1246 1695; x_wconf 93' lang='lat'><strong>1.</strong></span> <span class='ocrx_word' id='word_1_99' title='bbox 1257 1651 1290 1694; x_wconf 75' lang='lat' dir='ltr'><strong>se</strong></span> 
     </span>
     <span class='ocr_line' id='line_1_13' title="bbox 165 1725 1128 1817; baseline 0.005 -24"><span class='ocrx_word' id='word_1_100' title='bbox 165 1725 309 1793; x_wconf 54' lang='lat' dir='ltr'><strong>wear</strong></span> <span class='ocrx_word' id='word_1_101' title='bbox 325 1726 438 1794; x_wconf 73' lang='lat' dir='ltr'><strong>habeo</strong></span> <span class='ocrx_word' id='word_1_102' title='bbox 456 1750 493 1793; x_wconf 88' lang='lat' dir='ltr'><strong>eo</strong></span> <span class='ocrx_word' id='word_1_103' title='bbox 510 1740 663 1815; x_wconf 81' lang='lat' dir='ltr'><strong>tempore,</strong></span> <span class='ocrx_word' id='word_1_104' title='bbox 686 1753 748 1817; x_wconf 85' lang='lat' dir='ltr'><strong>qoo</strong></span> <span class='ocrx_word' id='word_1_105' title='bbox 765 1742 840 1798; x_wconf 82' lang='lat' dir='ltr'><strong>erat</strong></span> <span class='ocrx_word' id='word_1_106' title='bbox 855 1738 891 1797; x_wconf 77' lang='lat' dir='ltr'><strong>io</strong></span> <span class='ocrx_word' id='word_1_107' title='bbox 907 1754 1000 1798; x_wconf 78' lang='lat' dir='ltr'><strong>sacro</strong></span> <span class='ocrx_word' id='word_1_108' title='bbox 1018 1735 1128 1799; x_wconf 78' lang='lat' dir='ltr'><strong>ordme</strong></span> 
     </span>
     <span class='ocr_line' id='line_1_14' title="bbox 543 1841 746 1898; baseline 0 -2"><span class='ocrx_word' id='word_1_109' title='bbox 543 1841 746 1898; x_wconf 75' lang='lat' dir='ltr'><strong>constitutur.</strong></span> 
     </span>
    </p>
   </div>
   <div class='ocr_carea' id='block_1_4' title="bbox 260 1966 1024 2053">
    <p class='ocr_par' dir='ltr' id='par_1_5' title="bbox 260 1966 1024 2053">
     <span class='ocr_line' id='line_1_15' title="bbox 260 1966 1024 2053; baseline 0.008 -25"><span class='ocrx_word' id='word_1_110' title='bbox 260 1966 315 2029; x_wconf 87' lang='lat' dir='ltr'><strong>Ex</strong></span> <span class='ocrx_word' id='word_1_111' title='bbox 338 1966 502 2049; x_wconf 87' lang='lat' dir='ltr'><strong>epistola</strong></span> <span class='ocrx_word' id='word_1_112' title='bbox 520 1967 714 2053; x_wconf 82' lang='lat' dir='ltr'><strong>Gregorii,</strong></span> <span class='ocrx_word' id='word_1_113' title='bbox 737 1992 813 2050; x_wconf 89' lang='lat' dir='ltr'><strong>cap.</strong></span> <span class='ocrx_word' id='word_1_114' title='bbox 831 1969 976 2035; x_wconf 84' lang='lat' dir='ltr'><strong>XLIII.</strong></span> <span class='ocrx_word' id='word_1_115' title='bbox 991 1973 1024 2049; x_wconf 86' lang='lat'><strong>¹)</strong></span> 
     </span>
    </p>
   </div>
   <div class='ocr_carea' id='block_1_5' title="bbox 104 2083 1226 3404">
    <p class='ocr_par' dir='ltr' id='par_1_6' title="bbox 104 2083 1226 3404">
     <span class='ocr_line' id='line_1_16' title="bbox 111 2083 1177 2167; baseline 0.003 -18"><span class='ocrx_word' id='word_1_116' title='bbox 111 2102 114 2107; x_wconf 87' lang='grc'><strong>’</strong></span> <span class='ocrx_word' id='word_1_117' title='bbox 194 2083 353 2165; x_wconf 84' lang='lat' dir='ltr'><strong>Andreae,</strong></span> <span class='ocrx_word' id='word_1_118' title='bbox 373 2084 549 2150; x_wconf 82' lang='lat' dir='ltr'><strong>Tarentino</strong></span> <span class='ocrx_word' id='word_1_119' title='bbox 567 2089 726 2167; x_wconf 87' lang='lat' dir='ltr'><strong>episcopo,</strong></span> <span class='ocrx_word' id='word_1_120' title='bbox 749 2088 859 2152; x_wconf 76' lang='lat' dir='ltr'><strong>scribit</strong></span> <span class='ocrx_word' id='word_1_121' title='bbox 881 2090 1004 2153; x_wconf 75' lang='lat' dir='ltr'><strong>dicenaz</strong></span> <span class='ocrx_word' id='word_1_122' title='bbox 1023 2088 1177 2153; x_wconf 82' lang='lat' dir='ltr'><strong>&#39;I&#39;ribnnai</strong></span> 
     </span>
     <span class='ocr_line' id='line_1_17' title="bbox 106 2186 1178 2269; baseline 0.001 -18"><span class='ocrx_word' id='word_1_123' title='bbox 106 2186 223 2251; x_wconf 89' lang='lat' dir='ltr'><strong>iudicis</strong></span> <span class='ocrx_word' id='word_1_124' title='bbox 245 2190 367 2251; x_wconf 86' lang='lat' dir='ltr'><strong>aeterni</strong></span> <span class='ocrx_word' id='word_1_125' title='bbox 388 2209 517 2252; x_wconf 86' lang='lat' dir='ltr'><strong>securus</strong></span> <span class='ocrx_word' id='word_1_126' title='bbox 539 2188 708 2267; x_wconf 73' lang='lat' dir='ltr'><strong>adspiciet,</strong></span> <span class='ocrx_word' id='word_1_127' title='bbox 733 2190 872 2269; x_wconf 79' lang='lat' dir='ltr'><strong>quisquis</strong></span> <span class='ocrx_word' id='word_1_128' title='bbox 894 2198 1002 2254; x_wconf 82' lang='lat' dir='ltr'><strong>raetos</strong></span> <span class='ocrx_word' id='word_1_129' title='bbox 1027 2193 1077 2252; x_wconf 87' lang='lat' dir='ltr'><strong>sui</strong></span> <span class='ocrx_word' id='word_1_130' title='bbox 1102 2212 1178 2253; x_wconf 90' lang='lat' dir='ltr'><strong>con·</strong></span> 
     </span>
     <span class='ocr_line' id='line_1_18' title="bbox 104 2288 1178 2374; baseline 0.002 -22"><span class='ocrx_word' id='word_1_131' title='bbox 104 2290 195 2353; x_wconf 83' lang='lat' dir='ltr'><strong>acius</strong></span> <span class='ocrx_word' id='word_1_132' title='bbox 218 2288 312 2374; x_wconf 88' lang='lat' dir='ltr'><strong>digna</strong></span> <span class='ocrx_word' id='word_1_133' title='bbox 334 2312 404 2352; x_wconf 88' lang='lat' dir='ltr'><strong>omn</strong></span> <span class='ocrx_word' id='word_1_134' title='bbox 421 2290 517 2352; x_wconf 92' lang='lat' dir='ltr'><strong>modo</strong></span> <span class='ocrx_word' id='word_1_135' title='bbox 534 2290 732 2369; x_wconf 86' lang='lat' dir='ltr'><strong>poenitentia</strong></span> <span class='ocrx_word' id='word_1_136' title='bbox 749 2289 875 2369; x_wconf 85' lang='lat' dir='ltr'><strong>placare</strong></span> <span class='ocrx_word' id='word_1_137' title='bbox 891 2291 1066 2356; x_wconf 81' lang='lat' dir='ltr'><strong>contendii.</strong></span> <span class='ocrx_word' id='word_1_138' title='bbox 1109 2290 1178 2354; x_wconf 81' lang='lat' dir='ltr'><strong>Ha·</strong></span> 
     </span>
     <span class='ocr_line' id='line_1_19' title="bbox 106 2390 1226 2475; baseline -0.004 -20"><span class='ocrx_word' id='word_1_139' title='bbox 106 2390 218 2455; x_wconf 87' lang='lat' dir='ltr'><strong>buisse</strong></span> <span class='ocrx_word' id='word_1_140' title='bbox 244 2399 277 2455; x_wconf 88' lang='lat' dir='ltr'><strong>te</strong></span> <span class='ocrx_word' id='word_1_141' title='bbox 291 2394 341 2475; x_wconf 86' lang='lat'><strong>⁵¹)</strong></span> <span class='ocrx_word' id='word_1_142' title='bbox 370 2390 576 2454; x_wconf 86' lang='lat' dir='ltr'><strong>concubinam</strong></span> <span class='ocrx_word' id='word_1_143' title='bbox 602 2391 774 2454; x_wconf 80' lang='lat' dir='ltr'><strong>manifesta</strong></span> <span class='ocrx_word' id='word_1_144' title='bbox 799 2393 936 2456; x_wconf 85' lang='lat' dir='ltr'><strong>veritate</strong></span> <span class='ocrx_word' id='word_1_145' title='bbox 958 2395 1178 2472; x_wconf 78' lang='lat' dir='ltr'><strong>compcrImus,</strong></span> <span class='ocrx_word' id='word_1_146' title='bbox 1223 2445 1226 2451; x_wconf 85' lang='lat'><strong>.</strong></span> 
     </span>
     <span class='ocr_line' id='line_1_20' title="bbox 105 2482 1177 2574; baseline 0.001 -18"><span class='ocrx_word' id='word_1_147' title='bbox 105 2492 149 2556; x_wconf 90' lang='lat' dir='ltr'><strong>de</strong></span> <span class='ocrx_word' id='word_1_148' title='bbox 173 2515 234 2572; x_wconf 87' lang='lat' dir='ltr'><strong>qua</strong></span> <span class='ocrx_word' id='word_1_149' title='bbox 256 2495 351 2556; x_wconf 88' lang='lat' dir='ltr'><strong>ctiam</strong></span> <span class='ocrx_word' id='word_1_150' title='bbox 370 2495 529 2556; x_wconf 87' lang='lat' dir='ltr'><strong>contraria</strong></span> <span class='ocrx_word' id='word_1_151' title='bbox 547 2501 596 2556; x_wconf 89' lang='lat' dir='ltr'><strong>est</strong></span> <span class='ocrx_word' id='word_1_152' title='bbox 614 2492 799 2572; x_wconf 87' lang='lat' dir='ltr'><strong>quibusdam</strong></span> <span class='ocrx_word' id='word_1_153' title='bbox 817 2500 892 2556; x_wconf 80' lang='lat' dir='ltr'><strong>nata</strong></span> <span class='ocrx_word' id='word_1_154' title='bbox 909 2482 1061 2574; x_wconf 64' lang='lat' dir='ltr'><strong>suspicio,</strong></span> <span class='ocrx_word' id='word_1_155' title='bbox 1101 2494 1177 2572; x_wconf 88' lang='lat' dir='ltr'><strong>Sed,</strong></span> 
     </span>
     <span class='ocr_line' id='line_1_21' title="bbox 105 2592 1177 2677; baseline -0.002 -17"><span class='ocrx_word' id='word_1_156' title='bbox 105 2596 183 2675; x_wconf 85' lang='lat' dir='ltr'><strong>quia</strong></span> <span class='ocrx_word' id='word_1_157' title='bbox 201 2596 233 2656; x_wconf 93' lang='lat' dir='ltr'><strong>in</strong></span> <span class='ocrx_word' id='word_1_158' title='bbox 251 2595 347 2657; x_wconf 87' lang='lat' dir='ltr'><strong>rebus</strong></span> <span class='ocrx_word' id='word_1_159' title='bbox 365 2595 520 2677; x_wconf 81' lang='lat' dir='ltr'><strong>ambiguis</strong></span> <span class='ocrx_word' id='word_1_160' title='bbox 538 2592 716 2658; x_wconf 74' lang='lat' dir='ltr'><strong>absolutum</strong></span> <span class='ocrx_word' id='word_1_161' title='bbox 734 2615 797 2657; x_wconf 93' lang='lat' dir='ltr'><strong>non</strong></span> <span class='ocrx_word' id='word_1_162' title='bbox 816 2594 912 2659; x_wconf 90' lang='lat' dir='ltr'><strong>debet</strong></span> <span class='ocrx_word' id='word_1_163' title='bbox 930 2617 1000 2659; x_wconf 90' lang='lat' dir='ltr'><strong>esse</strong></span> <span class='ocrx_word' id='word_1_164' title='bbox 1018 2597 1177 2674; x_wconf 89' lang='lat' dir='ltr'><strong>indicium,</strong></span> 
     </span>
     <span class='ocr_line' id='line_1_22' title="bbox 104 2694 1178 2780; baseline -0.003 -19"><span class='ocrx_word' id='word_1_165' title='bbox 104 2696 172 2761; x_wconf 85' lang='lat' dir='ltr'><strong>boc</strong></span> <span class='ocrx_word' id='word_1_166' title='bbox 197 2702 272 2760; x_wconf 84' lang='lat' dir='ltr'><strong>tuae</strong></span> <span class='ocrx_word' id='word_1_167' title='bbox 298 2697 510 2759; x_wconf 83' lang='lat' dir='ltr'><strong>conscientiae</strong></span> <span class='ocrx_word' id='word_1_168' title='bbox 536 2694 689 2780; x_wconf 79' lang='lat' dir='ltr'><strong>elegimus</strong></span> <span class='ocrx_word' id='word_1_169' title='bbox 716 2698 984 2763; x_wconf 86' lang='lat' dir='ltr'><strong>committendum.</strong></span> <span class='ocrx_word' id='word_1_170' title='bbox 1039 2696 1112 2773; x_wconf 80' lang='lat' dir='ltr'><strong>Qua</strong></span> <span class='ocrx_word' id='word_1_171' title='bbox 1138 2697 1178 2758; x_wconf 94' lang='lat' dir='ltr'><strong>de</strong></span> 
     </span>
     <span class='ocr_line' id='line_1_23' title="bbox 105 2799 1178 2879; baseline -0.003 -14"><span class='ocrx_word' id='word_1_172' title='bbox 105 2800 209 2879; x_wconf 63' lang='grc' dir='ltr'><strong>κομί</strong></span> <span class='ocrx_word' id='word_1_173' title='bbox 226 2801 257 2860; x_wconf 92' lang='lat' dir='ltr'><strong>in</strong></span> <span class='ocrx_word' id='word_1_174' title='bbox 276 2819 366 2861; x_wconf 83' lang='lat' dir='ltr'><strong>sacro</strong></span> <span class='ocrx_word' id='word_1_175' title='bbox 385 2799 495 2861; x_wconf 90' lang='lat' dir='ltr'><strong>ordine</strong></span> <span class='ocrx_word' id='word_1_176' title='bbox 513 2800 716 2878; x_wconf 86' lang='lat' dir='ltr'><strong>constitutus,</strong></span> <span class='ocrx_word' id='word_1_177' title='bbox 740 2801 809 2864; x_wconf 87' lang='lat' dir='ltr'><strong>eius</strong></span> <span class='ocrx_word' id='word_1_178' title='bbox 826 2806 859 2862; x_wconf 84' lang='lat' dir='ltr'><strong>te</strong></span> <span class='ocrx_word' id='word_1_179' title='bbox 876 2801 1089 2879; x_wconf 83' lang='lat' dir='ltr'><strong>permixtione</strong></span> <span class='ocrx_word' id='word_1_180' title='bbox 1108 2821 1178 2863; x_wconf 90' lang='lat' dir='ltr'><strong>esse</strong></span> 
     </span>
     <span class='ocr_line' id='line_1_24' title="bbox 107 2898 1178 2982; baseline -0.005 -13"><span class='ocrx_word' id='word_1_181' title='bbox 107 2899 229 2969; x_wconf 85' lang='lat' dir='ltr'><strong>recolis</strong></span> <span class='ocrx_word' id='word_1_182' title='bbox 245 2898 450 2978; x_wconf 81' lang='lat' dir='ltr'><strong>maculatum,</strong></span> <span class='ocrx_word' id='word_1_183' title='bbox 469 2901 640 2965; x_wconf 81' lang='lat' dir='ltr'><strong>sacerdotii</strong></span> <span class='ocrx_word' id='word_1_184' title='bbox 657 2899 781 2965; x_wconf 89' lang='lat' dir='ltr'><strong>bonore</strong></span> <span class='ocrx_word' id='word_1_185' title='bbox 800 2901 962 2982; x_wconf 88' lang='lat' dir='ltr'><strong>deposito,</strong></span> <span class='ocrx_word' id='word_1_186' title='bbox 985 2902 1026 2964; x_wconf 85' lang='lat' dir='ltr'><strong>ad</strong></span> <span class='ocrx_word' id='word_1_187' title='bbox 1044 2902 1178 2965; x_wconf 91' lang='lat' dir='ltr'><strong>admini-</strong></span> 
     </span>
     <span class='ocr_line' id='line_1_25' title="bbox 105 3000 1178 3083; baseline -0.002 -14"><span class='ocrx_word' id='word_1_188' title='bbox 105 3002 273 3069; x_wconf 76' lang='lat' dir='ltr'><strong>suendum</strong></span> <span class='ocrx_word' id='word_1_189' title='bbox 294 3000 379 3065; x_wconf 81' lang='lat' dir='ltr'><strong>nulio</strong></span> <span class='ocrx_word' id='word_1_190' title='bbox 401 3003 496 3065; x_wconf 92' lang='lat' dir='ltr'><strong>modo</strong></span> <span class='ocrx_word' id='word_1_191' title='bbox 518 3025 701 3083; x_wconf 62' lang='lat' dir='ltr'><strong>praesumas</strong></span> <span class='ocrx_word' id='word_1_192' title='bbox 719 3005 886 3083; x_wconf 85' lang='lat' dir='ltr'><strong>accedere,</strong></span> <span class='ocrx_word' id='word_1_193' title='bbox 907 3007 1041 3069; x_wconf 86' lang='lat' dir='ltr'><strong>sciturus</strong></span> <span class='ocrx_word' id='word_1_194' title='bbox 1059 3005 1092 3066; x_wconf 91' lang='lat' dir='ltr'><strong>in</strong></span> <span class='ocrx_word' id='word_1_195' title='bbox 1110 3006 1178 3067; x_wconf 86' lang='lat' dir='ltr'><strong>ani·</strong></span> 
     </span>
     <span class='ocr_line' id='line_1_26' title="bbox 105 3103 1177 3184; baseline -0.006 -12"><span class='ocrx_word' id='word_1_196' title='bbox 105 3126 183 3173; x_wconf 78' lang='lat' dir='ltr'><strong>mua</strong></span> <span class='ocrx_word' id='word_1_197' title='bbox 205 3111 277 3169; x_wconf 81' lang='lat' dir='ltr'><strong>tune</strong></span> <span class='ocrx_word' id='word_1_198' title='bbox 298 3103 438 3184; x_wconf 85' lang='lat' dir='ltr'><strong>periculo</strong></span> <span class='ocrx_word' id='word_1_199' title='bbox 460 3106 640 3168; x_wconf 86' lang='lat' dir='ltr'><strong>ministrare</strong></span> <span class='ocrx_word' id='word_1_200' title='bbox 663 3112 697 3168; x_wconf 89' lang='lat' dir='ltr'><strong>et</strong></span> <span class='ocrx_word' id='word_1_201' title='bbox 715 3103 785 3169; x_wconf 87' lang='lat' dir='ltr'><strong>Deo</strong></span> <span class='ocrx_word' id='word_1_202' title='bbox 808 3112 918 3169; x_wconf 87' lang='lat' dir='ltr'><strong>nostro</strong></span> <span class='ocrx_word' id='word_1_203' title='bbox 941 3116 973 3169; x_wconf 91' lang='lat' dir='ltr'><strong>te</strong></span> <span class='ocrx_word' id='word_1_204' title='bbox 995 3108 1065 3168; x_wconf 77' lang='lat' dir='ltr'><strong>eine</strong></span> <span class='ocrx_word' id='word_1_205' title='bbox 1083 3104 1177 3167; x_wconf 91' lang='lat' dir='ltr'><strong>dubio</strong></span> 
     </span>
     <span class='ocr_line' id='line_1_27' title="bbox 106 3204 1177 3286; baseline -0.006 -13"><span class='ocrx_word' id='word_1_206' title='bbox 106 3207 243 3273; x_wconf 82' lang='lat' dir='ltr'><strong>reddere</strong></span> <span class='ocrx_word' id='word_1_207' title='bbox 260 3208 433 3286; x_wconf 81' lang='lat' dir='ltr'><strong>rationem,</strong></span> <span class='ocrx_word' id='word_1_208' title='bbox 450 3208 478 3269; x_wconf 86' lang='lat' dir='ltr'><strong>si</strong></span> <span class='ocrx_word' id='word_1_209' title='bbox 495 3205 587 3269; x_wconf 89' lang='lat' dir='ltr'><strong>huius</strong></span> <span class='ocrx_word' id='word_1_210' title='bbox 604 3204 736 3269; x_wconf 80' lang='lat' dir='ltr'><strong>sceleris</strong></span> <span class='ocrx_word' id='word_1_211' title='bbox 754 3207 911 3281; x_wconf 86' lang='lat' dir='ltr'><strong>conscius,</strong></span> <span class='ocrx_word' id='word_1_212' title='bbox 933 3206 967 3269; x_wconf 87' lang='lat' dir='ltr'><strong>in</strong></span> <span class='ocrx_word' id='word_1_213' title='bbox 985 3226 1039 3283; x_wconf 92' lang='lat' dir='ltr'><strong>eo,</strong></span> <span class='ocrx_word' id='word_1_214' title='bbox 1063 3225 1124 3285; x_wconf 89' lang='lat' dir='ltr'><strong>quo</strong></span> <span class='ocrx_word' id='word_1_215' title='bbox 1142 3226 1177 3267; x_wconf 88' lang='lat' dir='ltr'><strong>es</strong></span> 
     </span>
     <span class='ocr_line' id='line_1_28' title="bbox 107 3302 920 3404; baseline -0.005 -31"><span class='ocrx_word' id='word_1_216' title='bbox 107 3309 242 3390; x_wconf 83' lang='lat' dir='ltr'><strong>ordine,</strong></span> <span class='ocrx_word' id='word_1_217' title='bbox 259 3307 366 3374; x_wconf 82' lang='lat' dir='ltr'><strong>celem</strong></span> <span class='ocrx_word' id='word_1_218' title='bbox 383 3310 551 3373; x_wconf 80' lang='lat' dir='ltr'><strong>veritatem</strong></span> <span class='ocrx_word' id='word_1_219' title='bbox 566 3328 754 3404; x_wconf 85' lang='lat' dir='ltr'><strong>permanere</strong></span> <span class='ocrx_word' id='word_1_220' title='bbox 767 3302 920 3370; x_wconf 70' lang='lat' dir='ltr'><strong>uolueris.</strong></span> 
     </span>
    </p>
   </div>
   <div class='ocr_carea' id='block_1_6' title="bbox 338 3475 1295 3562">
    <p class='ocr_par' dir='ltr' id='par_1_7' title="bbox 338 3475 1295 3562">
     <span class='ocr_line' id='line_1_29' title="bbox 338 3475 1295 3562; baseline 0.001 -21"><span class='ocrx_word' id='word_1_221' title='bbox 338 3476 374 3544; x_wconf 84' lang='lat' dir='ltr'><strong>C.</strong></span> <span class='ocrx_word' id='word_1_222' title='bbox 391 3476 506 3541; x_wconf 85' lang='lat' dir='ltr'><strong>XXV.</strong></span> <span class='ocrx_word' id='word_1_223' title='bbox 551 3476 605 3542; x_wconf 86' lang='lat' dir='ltr'><strong>De</strong></span> <span class='ocrx_word' id='word_1_224' title='bbox 622 3487 719 3562; x_wconf 79' lang='lat' dir='ltr'><strong>rapto</strong></span> <span class='ocrx_word' id='word_1_225' title='bbox 735 3482 893 3561; x_wconf 65' lang='lat' dir='ltr'><strong>virgeum</strong></span> <span class='ocrx_word' id='word_1_226' title='bbox 906 3475 945 3560; x_wconf 70' lang='lat'><strong>7).</strong></span> <span class='ocrx_word' id='word_1_227' title='bbox 1127 3488 1130 3493; x_wconf 84' lang='lat'>&#39;</span> <span class='ocrx_word' id='word_1_228' title='bbox 1186 3498 1216 3545; x_wconf 81' lang='lat' dir='ltr'><strong>A.</strong></span> <span class='ocrx_word' id='word_1_229' title='bbox 1225 3497 1244 3544; x_wconf 94' lang='lat'><strong>1.</strong></span> <span class='ocrx_word' id='word_1_230' title='bbox 1255 3497 1295 3542; x_wconf 79' lang='lat' dir='ltr'><strong>se.</strong></span> 
     </span>
    </p>
   </div>
   <div class='ocr_carea' id='block_1_7' title="bbox 196 3607 1177 3690">
    <p class='ocr_par' dir='ltr' id='par_1_8' title="bbox 196 3607 1177 3690">
     <span class='ocr_line' id='line_1_30' title="bbox 196 3607 1177 3690; baseline -0.008 -11"><span class='ocrx_word' id='word_1_231' title='bbox 196 3615 290 3680; x_wconf 83' lang='lat' dir='ltr'><strong>Anno</strong></span> <span class='ocrx_word' id='word_1_232' title='bbox 312 3616 540 3679; x_wconf 80' lang='lat' dir='ltr'><strong>incarnationis</strong></span> <span class='ocrx_word' id='word_1_233' title='bbox 564 3615 739 3678; x_wconf 91' lang='lat' dir='ltr'><strong>dominicae</strong></span> <span class='ocrx_word' id='word_1_234' title='bbox 756 3607 981 3690; x_wconf 87' lang='lat' dir='ltr'><strong>DCCCCLII,</strong></span> <span class='ocrx_word' id='word_1_235' title='bbox 1004 3608 1177 3673; x_wconf 84' lang='lat' dir='ltr'><strong>indictione</strong></span> 
     </span>
    </p>
   </div>
   <div class='ocr_carea' id='block_1_8' title="bbox 108 3762 327 3776">
    <p class='ocr_par' dir='ltr' id='par_1_9' title="bbox 108 3762 327 3776">
     <span class='ocr_line' id='line_1_31' title="bbox 108 3762 327 3776; baseline 0 -3"><span class='ocrx_word' id='word_1_236' title='bbox 108 3762 327 3776; x_wconf 55' lang='lat' dir='ltr'><strong>m·-</strong></span> 
     </span>
    </p>
   </div>
   <div class='ocr_carea' id='block_1_9' title="bbox 109 3833 1178 4107">
    <p class='ocr_par' dir='ltr' id='par_1_10' title="bbox 109 3833 1178 4035">
     <span class='ocr_line' id='line_1_32' title="bbox 182 3833 1178 3901; baseline -0.002 -14"><span class='ocrx_word' id='word_1_237' title='bbox 182 3842 208 3887; x_wconf 84' lang='lat' dir='ltr'><strong>G.</strong></span> <span class='ocrx_word' id='word_1_238' title='bbox 226 3840 320 3888; x_wconf 82' lang='lat' dir='ltr'><strong>XXIV.</strong></span> <span class='ocrx_word' id='word_1_239' title='bbox 356 3839 387 3901; x_wconf 88' lang='lat' dir='ltr'><strong>x)</strong></span> <span class='ocrx_word' id='word_1_240' title='bbox 405 3840 514 3900; x_wconf 80' lang='lat' dir='ltr'><strong>Regiatr.</strong></span> <span class='ocrx_word' id='word_1_241' title='bbox 528 3842 556 3889; x_wconf 85' lang='lat' dir='ltr'><strong>L.</strong></span> <span class='ocrx_word' id='word_1_242' title='bbox 570 3842 612 3888; x_wconf 80' lang='grc' dir='ltr'><strong>ΙΙΙ.</strong></span> <span class='ocrx_word' id='word_1_243' title='bbox 626 3853 666 3899; x_wconf 86' lang='lat' dir='ltr'><strong>ep.</strong></span> <span class='ocrx_word' id='word_1_244' title='bbox 681 3841 721 3886; x_wconf 77' lang='lat'><strong>45.</strong></span> <span class='ocrx_word' id='word_1_245' title='bbox 730 3839 793 3899; x_wconf 79' lang='lat' dir='ltr'><strong>(scr.</strong></span> <span class='ocrx_word' id='word_1_246' title='bbox 803 3851 864 3886; x_wconf 82' lang='lat' dir='ltr'><strong>nnn.</strong></span> <span class='ocrx_word' id='word_1_247' title='bbox 874 3833 942 3898; x_wconf 76' lang='lat'>593.)</span> <span class='ocrx_word' id='word_1_248' title='bbox 953 3836 992 3885; x_wconf 91' lang='lat' dir='ltr'><strong>ed.</strong></span> <span class='ocrx_word' id='word_1_249' title='bbox 1001 3838 1084 3884; x_wconf 84' lang='lat' dir='ltr'><strong>Maur.</strong></span> <span class='ocrx_word' id='word_1_250' title='bbox 1094 3835 1139 3897; x_wconf 80' lang='lat' dir='ltr'><strong>(cl.</strong></span> <span class='ocrx_word' id='word_1_251' title='bbox 1150 3838 1178 3885; x_wconf 81' lang='lat' dir='ltr'><strong>b.</strong></span> 
     </span>
     <span class='ocr_line' id='line_1_33' title="bbox 110 3906 1177 3968; baseline -0.004 -13"><span class='ocrx_word' id='word_1_252' title='bbox 110 3911 144 3956; x_wconf 88' lang='lat'><strong>11.</strong></span> <span class='ocrx_word' id='word_1_253' title='bbox 153 3922 195 3967; x_wconf 88' lang='lat' dir='ltr'><strong>ep.</strong></span> <span class='ocrx_word' id='word_1_254' title='bbox 205 3909 267 3966; x_wconf 72' lang='grc'><strong>44).</strong></span> <span class='ocrx_word' id='word_1_255' title='bbox 279 3933 308 3941; x_wconf 94' lang='grc'>-</span> <span class='ocrx_word' id='word_1_256' title='bbox 320 3907 383 3958; x_wconf 82' lang='lat' dir='ltr'><strong>con.</strong></span> <span class='ocrx_word' id='word_1_257' title='bbox 393 3910 455 3956; x_wconf 78' lang='lat' dir='ltr'><strong>Ans.</strong></span> <span class='ocrx_word' id='word_1_258' title='bbox 469 3908 524 3958; x_wconf 89' lang='lat' dir='ltr'><strong>ded.</strong></span> <span class='ocrx_word' id='word_1_259' title='bbox 534 3911 565 3956; x_wconf 88' lang='lat'><strong>11.</strong></span> <span class='ocrx_word' id='word_1_260' title='bbox 579 3908 637 3956; x_wconf 76' lang='lat'><strong>26³.</strong></span> <span class='ocrx_word' id='word_1_261' title='bbox 646 3933 681 3944; x_wconf 90' lang='lat'><em>-</em></span> <span class='ocrx_word' id='word_1_262' title='bbox 690 3907 782 3955; x_wconf 86' lang='lat' dir='ltr'><strong>Burcb.</strong></span> <span class='ocrx_word' id='word_1_263' title='bbox 792 3909 811 3956; x_wconf 81' lang='lat' dir='ltr'><strong>I.</strong></span> <span class='ocrx_word' id='word_1_264' title='bbox 827 3909 898 3968; x_wconf 66' lang='lat'><strong>195„</strong></span> <span class='ocrx_word' id='word_1_265' title='bbox 916 3907 993 3955; x_wconf 80' lang='lat' dir='ltr'><strong>Dect.</strong></span> <span class='ocrx_word' id='word_1_266' title='bbox 1002 3907 1033 3954; x_wconf 90' lang='lat' dir='ltr'><strong>V.</strong></span> <span class='ocrx_word' id='word_1_267' title='bbox 1043 3906 1101 3954; x_wconf 81' lang='lat'>³1⁰.</span> <span class='ocrx_word' id='word_1_268' title='bbox 1115 3906 1177 3966; x_wconf 69' lang='lat' dir='ltr'><strong>(a),</strong></span> 
     </span>
     <span class='ocr_line' id='line_1_34' title="bbox 109 3978 581 4035; baseline -0.002 -10"><span class='ocrx_word' id='word_1_269' title='bbox 109 3980 174 4025; x_wconf 74' lang='lat' dir='ltr'><strong>Ans.</strong></span> <span class='ocrx_word' id='word_1_270' title='bbox 183 3978 225 4022; x_wconf 89' lang='lat' dir='ltr'><strong>III.</strong></span> <span class='ocrx_word' id='word_1_271' title='bbox 235 3979 307 4035; x_wconf 60' lang='lat'><strong>230„</strong></span> <span class='ocrx_word' id='word_1_272' title='bbox 318 3978 384 4024; x_wconf 68' lang='lat' dir='ltr'><strong>Dim.</strong></span> <span class='ocrx_word' id='word_1_273' title='bbox 394 3978 513 4025; x_wconf 83' lang='lat' dir='ltr'><strong>XXXIII.</strong></span> <span class='ocrx_word' id='word_1_274' title='bbox 525 3990 547 4026; x_wconf 87' lang='lat' dir='ltr'><strong>c.</strong></span> <span class='ocrx_word' id='word_1_275' title='bbox 558 3979 581 4024; x_wconf 77' lang='grc'><strong>7.</strong></span> 
     </span>
    </p>

    <p class='ocr_par' dir='ltr' id='par_1_11' title="bbox 182 4042 1093 4107">
     <span class='ocr_line' id='line_1_35' title="bbox 182 4042 1093 4107; baseline 0 -17"><span class='ocrx_word' id='word_1_276' title='bbox 182 4046 210 4093; x_wconf 83' lang='lat' dir='ltr'><strong>c.</strong></span> <span class='ocrx_word' id='word_1_277' title='bbox 226 4044 309 4092; x_wconf 88' lang='lat' dir='ltr'><strong>XXV.</strong></span> <span class='ocrx_word' id='word_1_278' title='bbox 346 4047 374 4107; x_wconf 85' lang='lat' dir='ltr'><strong>y)</strong></span> <span class='ocrx_word' id='word_1_279' title='bbox 391 4045 455 4092; x_wconf 86' lang='lat' dir='ltr'><strong>Vide</strong></span> <span class='ocrx_word' id='word_1_280' title='bbox 465 4045 553 4106; x_wconf 75' lang='lat' dir='ltr'><strong>Pertz,</strong></span> <span class='ocrx_word' id='word_1_281' title='bbox 562 4047 675 4092; x_wconf 86' lang='lat' dir='ltr'><strong>Menum.</strong></span> <span class='ocrx_word' id='word_1_282' title='bbox 685 4045 770 4092; x_wconf 87' lang='lat' dir='ltr'><strong>Germ.</strong></span> <span class='ocrx_word' id='word_1_283' title='bbox 779 4043 839 4092; x_wconf 80' lang='lat' dir='ltr'><strong>bist.</strong></span> <span class='ocrx_word' id='word_1_284' title='bbox 849 4045 922 4092; x_wconf 88' lang='lat' dir='ltr'><strong>Tem.</strong></span> <span class='ocrx_word' id='word_1_285' title='bbox 931 4044 973 4092; x_wconf 85' lang='lat' dir='ltr'><strong>w.</strong></span> <span class='ocrx_word' id='word_1_286' title='bbox 983 4056 1042 4103; x_wconf 73' lang='lat' dir='ltr'><strong>peg-</strong></span> <span class='ocrx_word' id='word_1_287' title='bbox 1052 4042 1093 4090; x_wconf 81' lang='grc'><strong>26.</strong></span> 
     </span>
    </p>
   </div>
   <div class='ocr_carea' id='block_1_10' title="bbox 112 4160 1247 4343">
    <p class='ocr_par' dir='ltr' id='par_1_12' title="bbox 112 4160 1247 4343">
     <span class='ocr_line' id='line_1_36' title="bbox 158 4160 1247 4277; baseline -0.008 -23"><span class='ocrx_word' id='word_1_288' title='bbox 158 4197 191 4255; x_wconf 84' lang='lat' dir='ltr'><strong>C.</strong></span> <span class='ocrx_word' id='word_1_289' title='bbox 210 4195 317 4257; x_wconf 85' lang='lat' dir='ltr'><strong>xxm.</strong></span> <span class='ocrx_word' id='word_1_290' title='bbox 345 4196 400 4277; x_wconf 79' lang='lat'><strong>50)</strong></span> <span class='ocrx_word' id='word_1_291' title='bbox 424 4182 626 4261; x_wconf 73' lang='lat' dir='ltr'><strong>eococrrcu&#39;o·</strong></span> <span class='ocrx_word' id='word_1_292' title='bbox 714 4196 863 4257; x_wconf 77' lang='lat' dir='ltr'><strong>CXXIV.</strong></span> <span class='ocrx_word' id='word_1_293' title='bbox 877 4200 931 4271; x_wconf 79' lang='lat'><strong>51)</strong></span> <span class='ocrx_word' id='word_1_294' title='bbox 941 4186 1176 4272; x_wconf 75' lang='lat' dir='ltr'><strong>re&#39;pur‘demradd.</strong></span> <span class='ocrx_word' id='word_1_295' title='bbox 1242 4160 1247 4171; x_wconf 45' lang='grc'><em>’</em></span> 
     </span>
     <span class='ocr_line' id='line_1_37' title="bbox 112 4281 827 4343; baseline -0.001 -1"><span class='ocrx_word' id='word_1_296' title='bbox 112 4284 178 4343; x_wconf 65' lang='lat' dir='ltr'><strong>nai.-</strong></span> <span class='ocrx_word' id='word_1_297' title='bbox 195 4281 256 4342; x_wconf 82' lang='lat' dir='ltr'><strong>Bel.</strong></span> <span class='ocrx_word' id='word_1_298' title='bbox 671 4281 745 4342; x_wconf 87' lang='lat' dir='ltr'><strong>CoII.</strong></span> <span class='ocrx_word' id='word_1_299' title='bbox 765 4282 827 4341; x_wconf 77' lang='lat' dir='ltr'><strong>citt.</strong></span> 
     </span>
    </p>
   </div>
   <div class='ocr_carea' id='block_1_11' title="bbox 0 0 1307 4898">
    <p class='ocr_par' dir='ltr' id='par_1_13' title="bbox 0 0 1307 4898">
     <span class='ocr_line' id='line_1_38' title="bbox 0 0 1307 4898; baseline 0 0"><span class='ocrx_word' id='word_1_300' title='bbox 0 0 1307 4898; x_wconf 95' lang='lat' dir='ltr'><strong> </strong></span> 
     </span>
    </p>
   </div>
  </div>
 </body>
</html>
