<?xml version="1.0" encoding="UTF-8"?>
<!DOCTYPE html PUBLIC "-//W3C//DTD XHTML 1.0 Transitional//EN"
    "http://www.w3.org/TR/xhtml1/DTD/xhtml1-transitional.dtd">
<html xmlns="http://www.w3.org/1999/xhtml" xml:lang="en" lang="en">
 <head>
  <title>
</title>
<meta http-equiv="Content-Type" content="text/html;charset=utf-8" />
  <meta name='ocr-system' content='tesseract 3.04.00' />
  <meta name='ocr-capabilities' content='ocr_page ocr_carea ocr_par ocr_line ocrx_word'/>
</head>
<body>
  <div class='ocr_page' id='page_1' title='image "./reginonisabbati00wassgoog_0330.png"; bbox 0 0 2594 4898; ppageno 0'>
   <div class='ocr_carea' id='block_1_1' title="bbox 504 292 1180 404">
    <p class='ocr_par' dir='ltr' id='par_1_1' title="bbox 504 292 1180 404">
     <span class='ocr_line' id='line_1_1' title="bbox 504 292 1180 404; baseline 0.001 -19"><span class='ocrx_word' id='word_1_1' title='bbox 504 325 581 404; x_wconf 66' lang='lat' dir='ltr'><strong>usp.</strong></span> <span class='ocrx_word' id='word_1_2' title='bbox 602 292 783 387; x_wconf 77' lang='lat' dir='ltr'><strong>&#39;cc-cur.</strong></span> <span class='ocrx_word' id='word_1_3' title='bbox 845 338 876 359; x_wconf 59' lang='lat'><strong>·=</strong></span> <span class='ocrx_word' id='word_1_4' title='bbox 1109 337 1180 400; x_wconf 56' lang='lat' dir='ltr'><strong>ooo,</strong></span> 
     </span>
    </p>
   </div>
   <div class='ocr_carea' id='block_1_2' title="bbox 85 477 1181 2717">
    <p class='ocr_par' dir='ltr' id='par_1_2' title="bbox 85 477 1181 2717">
     <span class='ocr_line' id='line_1_2' title="bbox 110 477 1181 579; baseline 0.007 -21"><span class='ocrx_word' id='word_1_5' title='bbox 110 495 214 559; x_wconf 84' lang='lat' dir='ltr'><strong>caruis</strong></span> <span class='ocrx_word' id='word_1_6' title='bbox 231 493 405 557; x_wconf 88' lang='lat' dir='ltr'><strong>secundum</strong></span> <span class='ocrx_word' id='word_1_7' title='bbox 423 489 564 557; x_wconf 81' lang='lat' dir='ltr'><strong>Graecos</strong></span> <span class='ocrx_word' id='word_1_8' title='bbox 582 493 692 559; x_wconf 85' lang='lat' dir='ltr'><strong>liceret</strong></span> <span class='ocrx_word' id='word_1_9' title='bbox 703 498 778 575; x_wconf 75' lang='lat'><strong>⁴³³)</strong></span> <span class='ocrx_word' id='word_1_10' title='bbox 797 477 928 574; x_wconf 71' lang='lat' dir='ltr'><strong>nubere,</strong></span> <span class='ocrx_word' id='word_1_11' title='bbox 954 500 987 560; x_wconf 89' lang='lat' dir='ltr'><strong>in</strong></span> <span class='ocrx_word' id='word_1_12' title='bbox 1006 503 1113 579; x_wconf 85' lang='lat' dir='ltr'><strong>quinta</strong></span> <span class='ocrx_word' id='word_1_13' title='bbox 1130 501 1181 566; x_wconf 84' lang='lat' dir='ltr'><strong>se-</strong></span> 
     </span>
     <span class='ocr_line' id='line_1_3' title="bbox 111 593 1180 682; baseline 0.006 -21"><span class='ocrx_word' id='word_1_14' title='bbox 111 596 248 662; x_wconf 82' lang='lat' dir='ltr'><strong>cundum</strong></span> <span class='ocrx_word' id='word_1_15' title='bbox 265 593 446 675; x_wconf 86' lang='lat' dir='ltr'><strong>Romanos,</strong></span> <span class='ocrx_word' id='word_1_16' title='bbox 473 599 526 676; x_wconf 91' lang='lat' dir='ltr'><strong>qui</strong></span> <span class='ocrx_word' id='word_1_17' title='bbox 547 609 651 661; x_wconf 75' lang='lat' dir='ltr'><strong>mmen</strong></span> <span class='ocrx_word' id='word_1_18' title='bbox 672 598 825 680; x_wconf 83' lang='lat' dir='ltr'><strong>coniugia</strong></span> <span class='ocrx_word' id='word_1_19' title='bbox 839 601 871 660; x_wconf 89' lang='lat' dir='ltr'><strong>in</strong></span> <span class='ocrx_word' id='word_1_20' title='bbox 890 602 985 662; x_wconf 87' lang='lat' dir='ltr'><strong>tertia</strong></span> <span class='ocrx_word' id='word_1_21' title='bbox 1002 605 1180 682; x_wconf 85' lang='lat' dir='ltr'><strong>propinqui·</strong></span> 
     </span>
     <span class='ocr_line' id='line_1_4' title="bbox 112 696 1181 783; baseline 0.006 -21"><span class='ocrx_word' id='word_1_22' title='bbox 112 706 181 762; x_wconf 90' lang='lat' dir='ltr'><strong>tate</strong></span> <span class='ocrx_word' id='word_1_23' title='bbox 198 698 287 761; x_wconf 76' lang='lat' dir='ltr'><strong>facts</strong></span> <span class='ocrx_word' id='word_1_24' title='bbox 303 716 368 763; x_wconf 84' lang='lat' dir='ltr'><strong>uon</strong></span> <span class='ocrx_word' id='word_1_25' title='bbox 384 696 558 776; x_wconf 76' lang='lat' dir='ltr'>solverent,</span> <span class='ocrx_word' id='word_1_26' title='bbox 580 701 611 761; x_wconf 82' lang='lat' dir='ltr'><strong>si</strong></span> <span class='ocrx_word' id='word_1_27' title='bbox 626 705 720 761; x_wconf 88' lang='lat' dir='ltr'><strong>antea</strong></span> <span class='ocrx_word' id='word_1_28' title='bbox 738 698 778 762; x_wconf 88' lang='lat' dir='ltr'><strong>ab</strong></span> <span class='ocrx_word' id='word_1_29' title='bbox 794 700 1000 764; x_wconf 72' lang='lat' dir='ltr'><strong>inscientibus</strong></span> <span class='ocrx_word' id='word_1_30' title='bbox 1019 711 1181 783; x_wconf 88' lang='lat' dir='ltr'><strong>compacta</strong></span> 
     </span>
     <span class='ocr_line' id='line_1_5' title="bbox 109 796 1179 883; baseline 0.007 -21"><span class='ocrx_word' id='word_1_31' title='bbox 109 801 259 878; x_wconf 77' lang='lat' dir='ltr'><strong>fuissent,</strong></span> <span class='ocrx_word' id='word_1_32' title='bbox 295 796 527 879; x_wconf 77' lang='lat' dir='ltr'><strong>aequaliterque</strong></span> <span class='ocrx_word' id='word_1_33' title='bbox 560 801 804 883; x_wconf 87' lang='lat' dir='ltr'><strong>coniungeretur</strong></span> <span class='ocrx_word' id='word_1_34' title='bbox 833 804 883 864; x_wconf 90' lang='lat' dir='ltr'><strong>vir</strong></span> <span class='ocrx_word' id='word_1_35' title='bbox 912 803 943 862; x_wconf 92' lang='lat' dir='ltr'><strong>in</strong></span> <span class='ocrx_word' id='word_1_36' title='bbox 979 807 1179 869; x_wconf 87' lang='lat' dir='ltr'><strong>matrimonio</strong></span> 
     </span>
     <span class='ocr_line' id='line_1_6' title="bbox 109 900 1179 984; baseline 0.006 -20"><span class='ocrx_word' id='word_1_37' title='bbox 109 901 160 965; x_wconf 88' lang='lat' dir='ltr'><strong>his</strong></span> <span class='ocrx_word' id='word_1_38' title='bbox 172 901 259 984; x_wconf 61' lang='lat' dir='ltr'><strong>⁴&#39;ss),</strong></span> <span class='ocrx_word' id='word_1_39' title='bbox 279 902 331 980; x_wconf 94' lang='lat' dir='ltr'><strong>qui</strong></span> <span class='ocrx_word' id='word_1_40' title='bbox 348 900 408 963; x_wconf 86' lang='lat' dir='ltr'><strong>sibi</strong></span> <span class='ocrx_word' id='word_1_41' title='bbox 425 902 652 984; x_wconf 82' lang='lat' dir='ltr'><strong>consanguinei</strong></span> <span class='ocrx_word' id='word_1_42' title='bbox 673 909 758 979; x_wconf 92' lang='lat' dir='ltr'><strong>sunt,</strong></span> <span class='ocrx_word' id='word_1_43' title='bbox 777 908 810 964; x_wconf 90' lang='lat' dir='ltr'><strong>et</strong></span> <span class='ocrx_word' id='word_1_44' title='bbox 826 905 933 966; x_wconf 73' lang='lat' dir='ltr'><strong>auroris</strong></span> <span class='ocrx_word' id='word_1_45' title='bbox 951 925 1028 967; x_wconf 89' lang='lat' dir='ltr'><strong>suae</strong></span> <span class='ocrx_word' id='word_1_46' title='bbox 1046 927 1179 970; x_wconf 89' lang='lat' dir='ltr'><strong>consan-</strong></span> 
     </span>
     <span class='ocr_line' id='line_1_7' title="bbox 110 1001 1178 1087; baseline 0.003 -21"><span class='ocrx_word' id='word_1_47' title='bbox 110 1005 232 1086; x_wconf 90' lang='lat' dir='ltr'><strong>guineis</strong></span> <span class='ocrx_word' id='word_1_48' title='bbox 246 1046 249 1051; x_wconf 92' lang='lat'><em>-</em></span> <span class='ocrx_word' id='word_1_49' title='bbox 262 1008 335 1082; x_wconf 90' lang='lat' dir='ltr'><strong>post</strong></span> <span class='ocrx_word' id='word_1_50' title='bbox 364 1011 499 1065; x_wconf 90' lang='lat' dir='ltr'><strong>mortem</strong></span> <span class='ocrx_word' id='word_1_51' title='bbox 529 1003 652 1065; x_wconf 88' lang='lat' dir='ltr'><strong>uxoris.</strong></span> <span class='ocrx_word' id='word_1_52' title='bbox 704 1001 800 1066; x_wconf 90' lang='lat' dir='ltr'><strong>Hunc</strong></span> <span class='ocrx_word' id='word_1_53' title='bbox 831 1011 936 1067; x_wconf 90' lang='lat' dir='ltr'><strong>autem</strong></span> <span class='ocrx_word' id='word_1_54' title='bbox 963 1002 1178 1087; x_wconf 84' lang='lat' dir='ltr'><strong>Theodorum,</strong></span> 
     </span>
     <span class='ocr_line' id='line_1_8' title="bbox 111 1102 1179 1185; baseline 0.004 -18"><span class='ocrx_word' id='word_1_55' title='bbox 111 1102 239 1167; x_wconf 86' lang='lat' dir='ltr'><strong>Tharso</strong></span> <span class='ocrx_word' id='word_1_56' title='bbox 263 1102 397 1171; x_wconf 82' lang='lat' dir='ltr'><strong>Ciliciae</strong></span> <span class='ocrx_word' id='word_1_57' title='bbox 426 1111 550 1183; x_wconf 87' lang='lat' dir='ltr'><strong>natum,</strong></span> <span class='ocrx_word' id='word_1_58' title='bbox 579 1102 770 1167; x_wconf 85' lang='lat' dir='ltr'><strong>Vitellianus</strong></span> <span class='ocrx_word' id='word_1_59' title='bbox 801 1126 882 1185; x_wconf 91' lang='lat' dir='ltr'><strong>papa</strong></span> <span class='ocrx_word' id='word_1_60' title='bbox 911 1104 1031 1169; x_wconf 87' lang='lat' dir='ltr'><strong>Romae</strong></span> <span class='ocrx_word' id='word_1_61' title='bbox 1058 1110 1179 1185; x_wconf 87' lang='lat' dir='ltr'><strong>episco-</strong></span> 
     </span>
     <span class='ocr_line' id='line_1_9' title="bbox 108 1203 1177 1289; baseline 0.003 -21"><span class='ocrx_word' id='word_1_62' title='bbox 108 1228 185 1285; x_wconf 92' lang='lat' dir='ltr'><strong>pum</strong></span> <span class='ocrx_word' id='word_1_63' title='bbox 202 1205 351 1269; x_wconf 86' lang='lat' dir='ltr'><strong>ordinans</strong></span> <span class='ocrx_word' id='word_1_64' title='bbox 374 1206 415 1268; x_wconf 87' lang='lat' dir='ltr'><strong>ad</strong></span> <span class='ocrx_word' id='word_1_65' title='bbox 432 1203 628 1270; x_wconf 78' lang='lat' dir='ltr'><strong>Britanniam</strong></span> <span class='ocrx_word' id='word_1_66' title='bbox 650 1208 750 1283; x_wconf 80' lang='lat' dir='ltr'><strong>misit,</strong></span> <span class='ocrx_word' id='word_1_67' title='bbox 777 1207 860 1270; x_wconf 82' lang='lat' dir='ltr'><strong>unde</strong></span> <span class='ocrx_word' id='word_1_68' title='bbox 882 1215 947 1270; x_wconf 90' lang='lat' dir='ltr'><strong>tam</strong></span> <span class='ocrx_word' id='word_1_69' title='bbox 965 1208 1177 1289; x_wconf 87' lang='lat' dir='ltr'><strong>orientalium,</strong></span> 
     </span>
     <span class='ocr_line' id='line_1_10' title="bbox 108 1305 1177 1390; baseline 0.004 -20"><span class='ocrx_word' id='word_1_70' title='bbox 108 1328 204 1387; x_wconf 90' lang='lat' dir='ltr'><strong>quam</strong></span> <span class='ocrx_word' id='word_1_71' title='bbox 222 1309 317 1375; x_wconf 78' lang='lat' dir='ltr'><strong>eiiam</strong></span> <span class='ocrx_word' id='word_1_72' title='bbox 335 1306 576 1370; x_wconf 86' lang='lat' dir='ltr'><strong>occidentalium</strong></span> <span class='ocrx_word' id='word_1_73' title='bbox 592 1305 798 1372; x_wconf 77' lang='lat' dir='ltr'><strong>&#39;ecclesiarum</strong></span> <span class='ocrx_word' id='word_1_74' title='bbox 815 1310 1093 1373; x_wconf 87' lang='lat' dir='ltr'><strong>consuetudinibus</strong></span> <span class='ocrx_word' id='word_1_75' title='bbox 1111 1310 1177 1390; x_wconf 90' lang='lat' dir='ltr'><strong>ple·</strong></span> 
     </span>
     <span class='ocr_line' id='line_1_11' title="bbox 108 1407 1176 1494; baseline 0.003 -22"><span class='ocrx_word' id='word_1_76' title='bbox 108 1411 193 1473; x_wconf 87' lang='lat' dir='ltr'><strong>niter</strong></span> <span class='ocrx_word' id='word_1_77' title='bbox 214 1411 375 1494; x_wconf 81' lang='lat' dir='ltr'><strong>institutus</strong></span> <span class='ocrx_word' id='word_1_78' title='bbox 396 1409 511 1472; x_wconf 89' lang='lat' dir='ltr'><strong>fuerat.</strong></span> <span class='ocrx_word' id='word_1_79' title='bbox 559 1407 630 1472; x_wconf 93' lang='lat' dir='ltr'><strong>Nec</strong></span> <span class='ocrx_word' id='word_1_80' title='bbox 651 1429 722 1471; x_wconf 89' lang='lat' dir='ltr'><strong>enm</strong></span> <span class='ocrx_word' id='word_1_81' title='bbox 745 1407 851 1487; x_wconf 86' lang='lat' dir='ltr'><strong>aliqua</strong></span> <span class='ocrx_word' id='word_1_82' title='bbox 870 1409 971 1473; x_wconf 88' lang='lat' dir='ltr'><strong>latere</strong></span> <span class='ocrx_word' id='word_1_83' title='bbox 997 1419 1176 1491; x_wconf 87' lang='lat' dir='ltr'><strong>potueruut,</strong></span> 
     </span>
     <span class='ocr_line' id='line_1_12' title="bbox 109 1509 1178 1593; baseline 0.004 -20"><span class='ocrx_word' id='word_1_84' title='bbox 109 1531 191 1590; x_wconf 90' lang='lat' dir='ltr'><strong>qnae</strong></span> <span class='ocrx_word' id='word_1_85' title='bbox 217 1513 251 1574; x_wconf 91' lang='lat' dir='ltr'><strong>in</strong></span> <span class='ocrx_word' id='word_1_86' title='bbox 268 1510 567 1577; x_wconf 80' lang='lat' dir='ltr'><strong>observationibus·</strong></span> <span class='ocrx_word' id='word_1_87' title='bbox 580 1509 728 1593; x_wconf 82' lang='lat' dir='ltr'><strong>legitimis</strong></span> <span class='ocrx_word' id='word_1_88' title='bbox 756 1509 872 1575; x_wconf 78' lang='lat' dir='ltr'><strong>Graeci</strong></span> <span class='ocrx_word' id='word_1_89' title='bbox 902 1511 953 1575; x_wconf 86' lang='lat' dir='ltr'><strong>vel</strong></span> <span class='ocrx_word' id='word_1_90' title='bbox 980 1511 1113 1577; x_wconf 83' lang='lat' dir='ltr'><strong>Romani</strong></span> <span class='ocrx_word' id='word_1_91' title='bbox 1139 1535 1178 1577; x_wconf 91' lang='lat' dir='ltr'><strong>eo</strong></span> 
     </span>
     <span class='ocr_line' id='line_1_13' title="bbox 110 1604 1179 1696; baseline 0.001 -19"><span class='ocrx_word' id='word_1_92' title='bbox 110 1620 255 1693; x_wconf 82' lang='lat' dir='ltr'><strong>tempore</strong></span> <span class='ocrx_word' id='word_1_93' title='bbox 271 1612 459 1690; x_wconf 87' lang='lat' dir='ltr'><strong>habuerunt,</strong></span> <span class='ocrx_word' id='word_1_94' title='bbox 477 1614 618 1675; x_wconf 87' lang='lat' dir='ltr'><strong>maxime</strong></span> <span class='ocrx_word' id='word_1_95' title='bbox 636 1634 704 1674; x_wconf 91' lang='lat' dir='ltr'><strong>cum</strong></span> <span class='ocrx_word' id='word_1_96' title='bbox 723 1614 755 1674; x_wconf 90' lang='lat' dir='ltr'><strong>iu</strong></span> <span class='ocrx_word' id='word_1_97' title='bbox 773 1619 905 1691; x_wconf 91' lang='lat' dir='ltr'><strong>utraque</strong></span> <span class='ocrx_word' id='word_1_98' title='bbox 923 1612 1031 1696; x_wconf 87' lang='lat' dir='ltr'><strong>lingua</strong></span> <span class='ocrx_word' id='word_1_99' title='bbox 1038 1604 1179 1693; x_wconf 83' lang='lat' dir='ltr'><strong>perfecte</strong></span> 
     </span>
     <span class='ocr_line' id='line_1_14' title="bbox 108 1710 1179 1794; baseline 0.004 -18"><span class='ocrx_word' id='word_1_100' title='bbox 108 1716 281 1779; x_wconf 85' lang='lat' dir='ltr'><strong>instructus</strong></span> <span class='ocrx_word' id='word_1_101' title='bbox 294 1721 399 1782; x_wconf 86' lang='lat' dir='ltr'><strong>esset.</strong></span> <span class='ocrx_word' id='word_1_102' title='bbox 443 1710 537 1788; x_wconf 81' lang='lat' dir='ltr'><strong>Quod</strong></span> <span class='ocrx_word' id='word_1_103' title='bbox 558 1722 665 1777; x_wconf 91' lang='lat' dir='ltr'><strong>autem</strong></span> <span class='ocrx_word' id='word_1_104' title='bbox 682 1716 836 1793; x_wconf 86' lang='lat' dir='ltr'><strong>proximis</strong></span> <span class='ocrx_word' id='word_1_105' title='bbox 855 1714 1047 1794; x_wconf 83' lang='lat' dir='ltr'><strong>temporibus</strong></span> <span class='ocrx_word' id='word_1_106' title='bbox 1064 1714 1179 1781; x_wconf 87' lang='lat' dir='ltr'><strong>Roma-</strong></span> 
     </span>
     <span class='ocr_line' id='line_1_15' title="bbox 108 1814 1180 1895; baseline 0.002 -16"><span class='ocrx_word' id='word_1_107' title='bbox 108 1814 425 1895; x_wconf 87' lang='lat' dir='ltr'><strong>norumpontificum</strong></span> <span class='ocrx_word' id='word_1_108' title='bbox 453 1817 570 1895; x_wconf 88' lang='lat' dir='ltr'><strong>scripta</strong></span> <span class='ocrx_word' id='word_1_109' title='bbox 592 1817 770 1894; x_wconf 87' lang='lat' dir='ltr'><strong>continent,</strong></span> <span class='ocrx_word' id='word_1_110' title='bbox 796 1837 897 1895; x_wconf 83' lang='lat' dir='ltr'><strong>usque</strong></span> <span class='ocrx_word' id='word_1_111' title='bbox 916 1816 956 1878; x_wconf 76' lang='lat' dir='ltr'><strong>eil</strong></span> <span class='ocrx_word' id='word_1_112' title='bbox 984 1823 1110 1880; x_wconf 83' lang='lat' dir='ltr'><strong>sextam</strong></span> <span class='ocrx_word' id='word_1_113' title='bbox 1126 1818 1180 1881; x_wconf 89' lang='lat' dir='ltr'><strong>vel</strong></span> 
     </span>
     <span class='ocr_line' id='line_1_16' title="bbox 109 1917 1180 2003; baseline 0.001 -23"><span class='ocrx_word' id='word_1_114' title='bbox 109 1919 275 1997; x_wconf 76' lang='lat' dir='ltr'><strong>septimam</strong></span> <span class='ocrx_word' id='word_1_115' title='bbox 292 1919 532 2001; x_wconf 84' lang='lat' dir='ltr'><strong>generationem</strong></span> <span class='ocrx_word' id='word_1_116' title='bbox 556 1919 692 1999; x_wconf 81' lang='lat' dir='ltr'><strong>coniugii</strong></span> <span class='ocrx_word' id='word_1_117' title='bbox 714 1938 803 1979; x_wconf 89' lang='lat' dir='ltr'><strong>usum</strong></span> <span class='ocrx_word' id='word_1_118' title='bbox 828 1917 1053 1996; x_wconf 80' lang='lat' dir='ltr'><strong>differendum,</strong></span> <span class='ocrx_word' id='word_1_119' title='bbox 1078 1921 1180 2003; x_wconf 89' lang='lat' dir='ltr'><strong>magis</strong></span> 
     </span>
     <span class='ocr_line' id='line_1_17' title="bbox 110 2016 1179 2099; baseline 0.001 -17"><span class='ocrx_word' id='word_1_120' title='bbox 110 2041 153 2082; x_wconf 90' lang='lat' dir='ltr'><strong>ex</strong></span> <span class='ocrx_word' id='word_1_121' title='bbox 182 2020 409 2083; x_wconf 89' lang='lat' dir='ltr'><strong>consuetudine</strong></span> <span class='ocrx_word' id='word_1_122' title='bbox 435 2018 588 2097; x_wconf 89' lang='lat' dir='ltr'><strong>humana,</strong></span> <span class='ocrx_word' id='word_1_123' title='bbox 620 2039 712 2097; x_wconf 93' lang='lat' dir='ltr'><strong>quam</strong></span> <span class='ocrx_word' id='word_1_124' title='bbox 739 2038 784 2079; x_wconf 90' lang='lat' dir='ltr'><strong>ex</strong></span> <span class='ocrx_word' id='word_1_125' title='bbox 809 2016 881 2099; x_wconf 85' lang='lat' dir='ltr'><strong>lege</strong></span> <span class='ocrx_word' id='word_1_126' title='bbox 904 2019 1010 2081; x_wconf 87' lang='lat' dir='ltr'><strong>divina</strong></span> <span class='ocrx_word' id='word_1_127' title='bbox 1037 2018 1097 2082; x_wconf 91' lang='lat' dir='ltr'><strong>hoc</strong></span> <span class='ocrx_word' id='word_1_128' title='bbox 1121 2041 1179 2093; x_wconf 84' lang='lat' dir='ltr'><strong>eos</strong></span> 
     </span>
     <span class='ocr_line' id='line_1_18' title="bbox 109 2115 1178 2204; baseline -0.001 -20"><span class='ocrx_word' id='word_1_129' title='bbox 109 2122 372 2204; x_wconf 80' lang='lat' dir='ltr'><strong>percepisse⁴³⁹)</strong></span> <span class='ocrx_word' id='word_1_130' title='bbox 391 2121 580 2184; x_wconf 88' lang='lat' dir='ltr'><strong>credendum</strong></span> <span class='ocrx_word' id='word_1_131' title='bbox 600 2127 658 2180; x_wconf 72' lang='lat' dir='ltr'><strong>est·</strong></span> <span class='ocrx_word' id='word_1_132' title='bbox 685 2115 778 2195; x_wconf 86' lang='lat' dir='ltr'><strong>Nam,</strong></span> <span class='ocrx_word' id='word_1_133' title='bbox 799 2119 880 2195; x_wconf 84' lang='lat' dir='ltr'><strong>quod</strong></span> <span class='ocrx_word' id='word_1_134' title='bbox 899 2117 1039 2181; x_wconf 86' lang='lat' dir='ltr'><strong>Isidorus</strong></span> <span class='ocrx_word' id='word_1_135' title='bbox 1057 2122 1089 2181; x_wconf 90' lang='lat' dir='ltr'><strong>in</strong></span> <span class='ocrx_word' id='word_1_136' title='bbox 1108 2127 1178 2201; x_wconf 78' lang='lat' dir='ltr'><strong>ety-</strong></span> 
     </span>
     <span class='ocr_line' id='line_1_19' title="bbox 108 2220 1178 2305; baseline -0.002 -20"><span class='ocrx_word' id='word_1_137' title='bbox 108 2220 257 2305; x_wconf 90' lang='lat' dir='ltr'><strong>mologiis</strong></span> <span class='ocrx_word' id='word_1_138' title='bbox 279 2224 343 2286; x_wconf 91' lang='lat' dir='ltr'><strong>suis</strong></span> <span class='ocrx_word' id='word_1_139' title='bbox 365 2222 527 2300; x_wconf 87' lang='lat' dir='ltr'><strong>usquead</strong></span> <span class='ocrx_word' id='word_1_140' title='bbox 550 2226 676 2282; x_wconf 83' lang='lat' dir='ltr'><strong>sextam</strong></span> <span class='ocrx_word' id='word_1_141' title='bbox 698 2220 936 2300; x_wconf 84' lang='lat' dir='ltr'><strong>generationem</strong></span> <span class='ocrx_word' id='word_1_142' title='bbox 959 2222 1178 2303; x_wconf 89' lang='lat' dir='ltr'><strong>consanguini-</strong></span> 
     </span>
     <span class='ocr_line' id='line_1_20' title="bbox 109 2319 1177 2404; baseline -0.001 -18"><span class='ocrx_word' id='word_1_143' title='bbox 109 2324 185 2386; x_wconf 87' lang='lat' dir='ltr'><strong>tatis</strong></span> <span class='ocrx_word' id='word_1_144' title='bbox 203 2322 510 2404; x_wconf 77' lang='lat' dir='ltr'><strong>abstinendum440)</strong></span> <span class='ocrx_word' id='word_1_145' title='bbox 533 2322 628 2383; x_wconf 86' lang='lat' dir='ltr'><strong>etsie</strong></span> <span class='ocrx_word' id='word_1_146' title='bbox 650 2319 791 2402; x_wconf 88' lang='lat' dir='ltr'><strong>legitimo</strong></span> <span class='ocrx_word' id='word_1_147' title='bbox 810 2319 966 2383; x_wconf 88' lang='lat' dir='ltr'><strong>connubio</strong></span> <span class='ocrx_word' id='word_1_148' title='bbox 985 2322 1177 2404; x_wconf 89' lang='lat' dir='ltr'><strong>coniungen-</strong></span> 
     </span>
     <span class='ocr_line' id='line_1_21' title="bbox 107 2421 1177 2505; baseline -0.002 -18"><span class='ocrx_word' id='word_1_149' title='bbox 107 2425 184 2489; x_wconf 90' lang='lat' dir='ltr'><strong>dum</strong></span> <span class='ocrx_word' id='word_1_150' title='bbox 201 2422 347 2502; x_wconf 83' lang='lat' dir='ltr'><strong>asseruit,</strong></span> <span class='ocrx_word' id='word_1_151' title='bbox 369 2423 443 2485; x_wconf 87' lang='lat' dir='ltr'><strong>inde</strong></span> <span class='ocrx_word' id='word_1_152' title='bbox 461 2443 535 2485; x_wconf 87' lang='lat' dir='ltr'><strong>reor</strong></span> <span class='ocrx_word' id='word_1_153' title='bbox 552 2444 623 2484; x_wconf 88' lang='lat' dir='ltr'><strong>eum</strong></span> <span class='ocrx_word' id='word_1_154' title='bbox 639 2422 772 2500; x_wconf 89' lang='lat' dir='ltr'><strong>fecisse,</strong></span> <span class='ocrx_word' id='word_1_155' title='bbox 796 2422 878 2501; x_wconf 89' lang='lat' dir='ltr'><strong>quod</strong></span> <span class='ocrx_word' id='word_1_156' title='bbox 895 2421 1102 2505; x_wconf 79' lang='lat' dir='ltr'><strong>genealogiae</strong></span> <span class='ocrx_word' id='word_1_157' title='bbox 1128 2444 1177 2485; x_wconf 89' lang='lat' dir='ltr'><strong>se-</strong></span> 
     </span>
     <span class='ocr_line' id='line_1_22' title="bbox 85 2515 1177 2611; baseline 0.001 -23"><span class='ocrx_word' id='word_1_158' title='bbox 85 2598 88 2603; x_wconf 26' lang='lat'><strong>·</strong></span> <span class='ocrx_word' id='word_1_159' title='bbox 108 2529 189 2588; x_wconf 85' lang='lat' dir='ltr'><strong>riom</strong></span> <span class='ocrx_word' id='word_1_160' title='bbox 206 2515 369 2602; x_wconf 87' lang='lat' dir='ltr'><strong>retexens,</strong></span> <span class='ocrx_word' id='word_1_161' title='bbox 392 2545 551 2611; x_wconf 79' lang='lat' dir='ltr'><strong>quousque</strong></span> <span class='ocrx_word' id='word_1_162' title='bbox 569 2523 710 2586; x_wconf 87' lang='lat' dir='ltr'><strong>ordinem</strong></span> <span class='ocrx_word' id='word_1_163' title='bbox 729 2523 913 2586; x_wconf 87' lang='lat' dir='ltr'><strong>numerandi</strong></span> <span class='ocrx_word' id='word_1_164' title='bbox 926 2525 1000 2600; x_wconf 75' lang='lat'>⁴⁴¹)</span> <span class='ocrx_word' id='word_1_165' title='bbox 1018 2524 1177 2603; x_wconf 84' lang='lat' dir='ltr'><strong>perduxit,</strong></span> 
     </span>
     <span class='ocr_line' id='line_1_23' title="bbox 110 2625 1176 2717; baseline -0.002 -27"><span class='ocrx_word' id='word_1_166' title='bbox 110 2649 150 2690; x_wconf 91' lang='lat' dir='ltr'><strong>eo</strong></span> <span class='ocrx_word' id='word_1_167' title='bbox 169 2625 390 2710; x_wconf 87' lang='lat' dir='ltr'><strong>cognationem</strong></span> <span class='ocrx_word' id='word_1_168' title='bbox 409 2628 571 2710; x_wconf 86' lang='lat' dir='ltr'><strong>sanguinis</strong></span> <span class='ocrx_word' id='word_1_169' title='bbox 588 2625 777 2717; x_wconf 71' lang='lat' dir='ltr'><strong>seruandam</strong></span> <span class='ocrx_word' id='word_1_170' title='bbox 795 2627 989 2704; x_wconf 86' lang='lat' dir='ltr'><strong>aestimavit,</strong></span> <span class='ocrx_word' id='word_1_171' title='bbox 1011 2627 1118 2706; x_wconf 88' lang='lat' dir='ltr'><strong>sicque</strong></span> <span class='ocrx_word' id='word_1_172' title='bbox 1136 2626 1176 2688; x_wconf 90' lang='lat' dir='ltr'><strong>ad</strong></span> 
     </span>
    </p>
   </div>
   <div class='ocr_carea' id='block_1_3' title="bbox 66 2725 1296 2820">
    <p class='ocr_par' dir='ltr' id='par_1_3' title="bbox 66 2725 1296 2820">
     <span class='ocr_line' id='line_1_24' title="bbox 66 2725 1296 2820; baseline -0.001 -29"><span class='ocrx_word' id='word_1_173' title='bbox 66 2736 72 2747; x_wconf 85' lang='grc'><strong>“</strong></span> <span class='ocrx_word' id='word_1_174' title='bbox 108 2730 436 2800; x_wconf 78' lang='lat' dir='ltr'><strong>innovationem442)</strong></span> <span class='ocrx_word' id='word_1_175' title='bbox 464 2730 590 2810; x_wconf 88' lang='lat' dir='ltr'><strong>generis</strong></span> <span class='ocrx_word' id='word_1_176' title='bbox 613 2734 645 2790; x_wconf 90' lang='lat' dir='ltr'><strong>et</strong></span> <span class='ocrx_word' id='word_1_177' title='bbox 671 2730 829 2791; x_wconf 88' lang='lat' dir='ltr'><strong>amicitiae</strong></span> <span class='ocrx_word' id='word_1_178' title='bbox 854 2729 902 2790; x_wconf 86' lang='lat' dir='ltr'><strong>ius</strong></span> <span class='ocrx_word' id='word_1_179' title='bbox 931 2725 1178 2820; x_wconf 85' lang='lat' dir='ltr'><strong>confirmandum</strong></span> <span class='ocrx_word' id='word_1_180' title='bbox 1290 2806 1296 2818; x_wconf 73' lang='lat'><em>.</em></span> 
     </span>
    </p>
   </div>
   <div class='ocr_carea' id='block_1_4' title="bbox 107 2829 1262 3721">
    <p class='ocr_par' dir='ltr' id='par_1_4' title="bbox 107 2829 1262 3721">
     <span class='ocr_line' id='line_1_25' title="bbox 108 2829 1176 2912; baseline -0.001 -19"><span class='ocrx_word' id='word_1_181' title='bbox 108 2830 215 2894; x_wconf 86' lang='lat' dir='ltr'><strong>redire</strong></span> <span class='ocrx_word' id='word_1_182' title='bbox 232 2830 272 2892; x_wconf 89' lang='lat' dir='ltr'><strong>ad</strong></span> <span class='ocrx_word' id='word_1_183' title='bbox 291 2829 480 2892; x_wconf 87' lang='lat' dir='ltr'><strong>connubium</strong></span> <span class='ocrx_word' id='word_1_184' title='bbox 499 2831 645 2908; x_wconf 88' lang='lat' dir='ltr'><strong>sancivit,</strong></span> <span class='ocrx_word' id='word_1_185' title='bbox 664 2830 787 2909; x_wconf 90' lang='lat' dir='ltr'><strong>quando</strong></span> <span class='ocrx_word' id='word_1_186' title='bbox 806 2831 870 2892; x_wconf 92' lang='lat' dir='ltr'><strong>iam</strong></span> <span class='ocrx_word' id='word_1_187' title='bbox 884 2831 1080 2912; x_wconf 87' lang='lat' dir='ltr'><strong>cognationis</strong></span> <span class='ocrx_word' id='word_1_188' title='bbox 1098 2831 1176 2892; x_wconf 83' lang='lat' dir='ltr'><strong>ordo</strong></span> 
     </span>
     <span class='ocr_line' id='line_1_26' title="bbox 111 2930 1177 3010; baseline 0 -16"><span class='ocrx_word' id='word_1_189' title='bbox 111 2933 269 2995; x_wconf 85' lang='lat' dir='ltr'><strong>numerari</strong></span> <span class='ocrx_word' id='word_1_190' title='bbox 287 2932 410 2994; x_wconf 84' lang='lat' dir='ltr'><strong>desivit.</strong></span> <span class='ocrx_word' id='word_1_191' title='bbox 455 2930 603 2994; x_wconf 87' lang='lat' dir='ltr'><strong>Ceterum</strong></span> <span class='ocrx_word' id='word_1_192' title='bbox 622 2939 696 2994; x_wconf 89' lang='lat' dir='ltr'><strong>ante</strong></span> <span class='ocrx_word' id='word_1_193' title='bbox 715 2934 819 2995; x_wconf 90' lang='lat' dir='ltr'><strong>omnia</strong></span> <span class='ocrx_word' id='word_1_194' title='bbox 838 2931 1101 2994; x_wconf 88' lang='lat' dir='ltr'><strong>considerandum</strong></span> <span class='ocrx_word' id='word_1_195' title='bbox 1117 2939 1177 3010; x_wconf 90' lang='lat' dir='ltr'><strong>est,</strong></span> 
     </span>
     <span class='ocr_line' id='line_1_27' title="bbox 109 3032 1262 3114; baseline 0.001 -18"><span class='ocrx_word' id='word_1_196' title='bbox 109 3043 146 3099; x_wconf 91' lang='lat' dir='ltr'><strong>ut</strong></span> <span class='ocrx_word' id='word_1_197' title='bbox 171 3035 219 3097; x_wconf 89' lang='lat' dir='ltr'><strong>sic</strong></span> <span class='ocrx_word' id='word_1_198' title='bbox 245 3054 379 3099; x_wconf 87' lang='lat' dir='ltr'><strong>censura</strong></span> <span class='ocrx_word' id='word_1_199' title='bbox 404 3032 588 3113; x_wconf 84' lang='lat' dir='ltr'><strong>disciplinae</strong></span> <span class='ocrx_word' id='word_1_200' title='bbox 614 3041 822 3114; x_wconf 88' lang='lat' dir='ltr'><strong>temperetur,</strong></span> <span class='ocrx_word' id='word_1_201' title='bbox 851 3055 890 3096; x_wconf 87' lang='lat' dir='ltr'><strong>ne</strong></span> <span class='ocrx_word' id='word_1_202' title='bbox 913 3055 969 3112; x_wconf 88' lang='lat' dir='ltr'><strong>per</strong></span> <span class='ocrx_word' id='word_1_203' title='bbox 990 3033 1178 3097; x_wconf 88' lang='lat' dir='ltr'><strong>immodera-</strong></span> <span class='ocrx_word' id='word_1_204' title='bbox 1257 3059 1262 3066; x_wconf 94' lang='lat'><em>·</em></span> 
     </span>
     <span class='ocr_line' id='line_1_28' title="bbox 109 3134 1177 3224; baseline 0 -26"><span class='ocrx_word' id='word_1_205' title='bbox 109 3138 229 3199; x_wconf 89' lang='lat' dir='ltr'><strong>tionem</strong></span> <span class='ocrx_word' id='word_1_206' title='bbox 261 3137 466 3215; x_wconf 89' lang='lat' dir='ltr'><strong>correptionis</strong></span> <span class='ocrx_word' id='word_1_207' title='bbox 501 3138 623 3214; x_wconf 89' lang='lat' dir='ltr'><strong>peccati</strong></span> <span class='ocrx_word' id='word_1_208' title='bbox 653 3134 794 3198; x_wconf 89' lang='lat' dir='ltr'><strong>cumulus</strong></span> <span class='ocrx_word' id='word_1_209' title='bbox 830 3144 992 3224; x_wconf 82' lang='lat' dir='ltr'><strong>augeatur.</strong></span> <span class='ocrx_word' id='word_1_210' title='bbox 1054 3134 1177 3198; x_wconf 84' lang='lat' dir='ltr'><strong>Scimus</strong></span> 
     </span>
     <span class='ocr_line' id='line_1_29' title="bbox 109 3234 1176 3321; baseline -0.002 -21"><span class='ocrx_word' id='word_1_211' title='bbox 109 3239 197 3300; x_wconf 90' lang='lat' dir='ltr'><strong>euim</strong></span> <span class='ocrx_word' id='word_1_212' title='bbox 209 3238 297 3320; x_wconf 76' lang='lat'>⁴⁴³),</span> <span class='ocrx_word' id='word_1_213' title='bbox 325 3239 378 3317; x_wconf 92' lang='lat' dir='ltr'><strong>qui</strong></span> <span class='ocrx_word' id='word_1_214' title='bbox 396 3239 428 3299; x_wconf 90' lang='lat' dir='ltr'><strong>in</strong></span> <span class='ocrx_word' id='word_1_215' title='bbox 445 3235 517 3320; x_wconf 89' lang='lat' dir='ltr'><strong>lege</strong></span> <span class='ocrx_word' id='word_1_216' title='bbox 535 3236 731 3321; x_wconf 83' lang='lat' dir='ltr'><strong>cognationis</strong></span> <span class='ocrx_word' id='word_1_217' title='bbox 749 3237 798 3297; x_wconf 93' lang='lat' dir='ltr'><strong>ius</strong></span> <span class='ocrx_word' id='word_1_218' title='bbox 817 3234 985 3297; x_wconf 87' lang='lat' dir='ltr'><strong>observare</strong></span> <span class='ocrx_word' id='word_1_219' title='bbox 1004 3239 1176 3314; x_wconf 89' lang='lat' dir='ltr'><strong>constituit,</strong></span> 
     </span>
     <span class='ocr_line' id='line_1_30' title="bbox 109 3334 1177 3422; baseline -0.004 -20"><span class='ocrx_word' id='word_1_220' title='bbox 109 3343 142 3403; x_wconf 90' lang='lat' dir='ltr'><strong>iu</strong></span> <span class='ocrx_word' id='word_1_221' title='bbox 168 3337 336 3422; x_wconf 89' lang='lat' dir='ltr'><strong>evangelio</strong></span> <span class='ocrx_word' id='word_1_222' title='bbox 362 3338 473 3401; x_wconf 85' lang='lat' dir='ltr'><strong>foedus</strong></span> <span class='ocrx_word' id='word_1_223' title='bbox 500 3339 636 3417; x_wconf 84' lang='lat' dir='ltr'><strong>coniugii</strong></span> <span class='ocrx_word' id='word_1_224' title='bbox 662 3356 725 3398; x_wconf 90' lang='lat' dir='ltr'><strong>non</strong></span> <span class='ocrx_word' id='word_1_225' title='bbox 752 3334 986 3398; x_wconf 88' lang='lat' dir='ltr'><strong>dissolvendum</strong></span> <span class='ocrx_word' id='word_1_226' title='bbox 1006 3339 1177 3415; x_wconf 87' lang='lat' dir='ltr'><strong>praecepit.</strong></span> 
     </span>
     <span class='ocr_line' id='line_1_31' title="bbox 109 3435 1179 3520; baseline -0.004 -15"><span class='ocrx_word' id='word_1_227' title='bbox 109 3441 146 3505; x_wconf 82' lang='lat' dir='ltr'><strong>si</strong></span> <span class='ocrx_word' id='word_1_228' title='bbox 167 3443 254 3504; x_wconf 89' lang='lat' dir='ltr'><strong>enim</strong></span> <span class='ocrx_word' id='word_1_229' title='bbox 278 3440 452 3520; x_wconf 86' lang='lat' dir='ltr'><strong>ubicunque</strong></span> <span class='ocrx_word' id='word_1_230' title='bbox 480 3439 597 3518; x_wconf 85' lang='lat' dir='ltr'><strong>aliquid</strong></span> <span class='ocrx_word' id='word_1_231' title='bbox 616 3439 828 3518; x_wconf 88' lang='lat' dir='ltr'><strong>proximitatis</strong></span> <span class='ocrx_word' id='word_1_232' title='bbox 849 3435 899 3499; x_wconf 86' lang='lat' dir='ltr'><strong>vel</strong></span> <span class='ocrx_word' id='word_1_233' title='bbox 926 3439 1179 3520; x_wconf 87' lang='lat' dir='ltr'><strong>consanguinita-</strong></span> 
     </span>
     <span class='ocr_line' id='line_1_32' title="bbox 108 3539 1178 3624; baseline -0.005 -17"><span class='ocrx_word' id='word_1_234' title='bbox 108 3547 166 3623; x_wconf 84' lang='lat' dir='ltr'><strong>tis,</strong></span> <span class='ocrx_word' id='word_1_235' title='bbox 193 3541 271 3607; x_wconf 89' lang='lat' dir='ltr'><strong>licet</strong></span> <span class='ocrx_word' id='word_1_236' title='bbox 286 3540 492 3624; x_wconf 87' lang='lat' dir='ltr'><strong>longinquae,</strong></span> <span class='ocrx_word' id='word_1_237' title='bbox 519 3543 603 3604; x_wconf 88' lang='lat' dir='ltr'><strong>inter</strong></span> <span class='ocrx_word' id='word_1_238' title='bbox 620 3541 802 3622; x_wconf 87' lang='lat' dir='ltr'><strong>coniugatos</strong></span> <span class='ocrx_word' id='word_1_239' title='bbox 819 3539 953 3615; x_wconf 89' lang='lat' dir='ltr'><strong>inveniri</strong></span> <span class='ocrx_word' id='word_1_240' title='bbox 970 3544 1090 3617; x_wconf 90' lang='lat' dir='ltr'><strong>potest,</strong></span> <span class='ocrx_word' id='word_1_241' title='bbox 1114 3545 1178 3602; x_wconf 90' lang='lat' dir='ltr'><strong>sta·</strong></span> 
     </span>
     <span class='ocr_line' id='line_1_33' title="bbox 107 3636 1180 3721; baseline -0.004 -13"><span class='ocrx_word' id='word_1_242' title='bbox 107 3648 167 3708; x_wconf 89' lang='lat' dir='ltr'><strong>tim</strong></span> <span class='ocrx_word' id='word_1_243' title='bbox 192 3645 428 3709; x_wconf 87' lang='lat' dir='ltr'><strong>matrimonium</strong></span> <span class='ocrx_word' id='word_1_244' title='bbox 454 3643 657 3721; x_wconf 87' lang='lat' dir='ltr'><strong>dissolvatur,</strong></span> <span class='ocrx_word' id='word_1_245' title='bbox 676 3662 799 3719; x_wconf 84' lang='lat' dir='ltr'><strong>vereor,</strong></span> <span class='ocrx_word' id='word_1_246' title='bbox 826 3639 909 3720; x_wconf 89' lang='lat' dir='ltr'><strong>quod</strong></span> <span class='ocrx_word' id='word_1_247' title='bbox 936 3636 1124 3704; x_wconf 87' lang='lat' dir='ltr'><strong>adulterium</strong></span> <span class='ocrx_word' id='word_1_248' title='bbox 1147 3648 1180 3704; x_wconf 90' lang='lat' dir='ltr'><strong>et</strong></span> 
     </span>
    </p>
   </div>
   <div class='ocr_carea' id='block_1_5' title="bbox 101 3933 1178 4352">
    <p class='ocr_par' dir='ltr' id='par_1_5' title="bbox 101 3933 1178 4352">
     <span class='ocr_line' id='line_1_34' title="bbox 153 3933 1178 4011; baseline -0.005 -16"><span class='ocrx_word' id='word_1_249' title='bbox 153 3936 187 3995; x_wconf 86' lang='lat' dir='ltr'><strong>C.</strong></span> <span class='ocrx_word' id='word_1_250' title='bbox 216 3934 297 3994; x_wconf 74' lang='lat' dir='ltr'><strong>oct.</strong></span> <span class='ocrx_word' id='word_1_251' title='bbox 330 3939 403 4009; x_wconf 88' lang='grc'>437)</span> <span class='ocrx_word' id='word_1_252' title='bbox 442 3937 549 3995; x_wconf 84' lang='lat' dir='ltr'><strong>liceat:</strong></span> <span class='ocrx_word' id='word_1_253' title='bbox 584 3936 622 3994; x_wconf 90' lang='lat' dir='ltr'><strong>ib.</strong></span> <span class='ocrx_word' id='word_1_254' title='bbox 667 3933 784 3993; x_wconf 87' lang='lat' dir='ltr'><strong>Holmst.</strong></span> <span class='ocrx_word' id='word_1_255' title='bbox 804 3938 878 4007; x_wconf 87' lang='lat'>441)</span> <span class='ocrx_word' id='word_1_256' title='bbox 890 3935 1178 4011; x_wconf 64' lang='lat' dir='ltr'><strong>nraemmondosorig.</strong></span> 
     </span>
     <span class='ocr_line' id='line_1_35' title="bbox 107 4017 1178 4098; baseline -0.004 -18"><span class='ocrx_word' id='word_1_257' title='bbox 107 4027 189 4095; x_wconf 81' lang='grc'>438)</span> <span class='ocrx_word' id='word_1_258' title='bbox 220 4022 264 4080; x_wconf 90' lang='lat' dir='ltr'><strong>sic</strong></span> <span class='ocrx_word' id='word_1_259' title='bbox 295 4022 387 4098; x_wconf 87' lang='lat' dir='ltr'><strong>orig.;</strong></span> <span class='ocrx_word' id='word_1_260' title='bbox 430 4023 627 4098; x_wconf 82' lang='lat' dir='ltr'><strong>oom&#39;ungeret</strong></span> <span class='ocrx_word' id='word_1_261' title='bbox 668 4019 744 4098; x_wconf 81' lang='lat'>442)</span> <span class='ocrx_word' id='word_1_262' title='bbox 779 4021 1013 4079; x_wconf 80' lang='lat' dir='ltr'><strong>invocationem:</strong></span> <span class='ocrx_word' id='word_1_263' title='bbox 1058 4017 1178 4095; x_wconf 86' lang='lat' dir='ltr'><strong>Gnelph.</strong></span> 
     </span>
     <span class='ocr_line' id='line_1_36' title="bbox 106 4103 1177 4184; baseline -0.008 -17"><span class='ocrx_word' id='word_1_264' title='bbox 106 4127 179 4178; x_wconf 77' lang='lat' dir='ltr'><strong>eas,</strong></span> <span class='ocrx_word' id='word_1_265' title='bbox 209 4108 277 4184; x_wconf 85' lang='lat' dir='ltr'><strong>qui:</strong></span> <span class='ocrx_word' id='word_1_266' title='bbox 304 4125 379 4164; x_wconf 83' lang='lat' dir='ltr'><strong>omn.</strong></span> <span class='ocrx_word' id='word_1_267' title='bbox 407 4105 498 4164; x_wconf 87' lang='lat' dir='ltr'><strong>Codd.</strong></span> <span class='ocrx_word' id='word_1_268' title='bbox 549 4108 623 4177; x_wconf 85' lang='grc'>439)</span> <span class='ocrx_word' id='word_1_269' title='bbox 667 4104 784 4164; x_wconf 76' lang='lat' dir='ltr'><strong>Vicum·</strong></span> <span class='ocrx_word' id='word_1_270' title='bbox 800 4103 917 4163; x_wconf 84' lang='lat' dir='ltr'><strong>Helmst.</strong></span> <span class='ocrx_word' id='word_1_271' title='bbox 975 4107 1049 4173; x_wconf 89' lang='grc'>443)</span> <span class='ocrx_word' id='word_1_272' title='bbox 1084 4103 1177 4180; x_wconf 80' lang='lat' dir='ltr'><strong>quod:</strong></span> 
     </span>
     <span class='ocr_line' id='line_1_37' title="bbox 101 4185 1123 4272; baseline -0.01 -20"><span class='ocrx_word' id='word_1_273' title='bbox 101 4193 316 4272; x_wconf 72' lang='lat' dir='ltr'><strong>praecepisse:</strong></span> <span class='ocrx_word' id='word_1_274' title='bbox 346 4191 419 4267; x_wconf 87' lang='lat' dir='ltr'><strong>orig.</strong></span> <span class='ocrx_word' id='word_1_275' title='bbox 441 4188 503 4248; x_wconf 86' lang='lat' dir='ltr'><strong>Bal.</strong></span> <span class='ocrx_word' id='word_1_276' title='bbox 549 4194 623 4262; x_wconf 89' lang='lat'>440)</span> <span class='ocrx_word' id='word_1_277' title='bbox 669 4187 734 4248; x_wconf 79' lang='lat' dir='ltr'><strong>add.</strong></span> <span class='ocrx_word' id='word_1_278' title='bbox 767 4190 840 4266; x_wconf 88' lang='lat' dir='ltr'><strong>orig.</strong></span> <span class='ocrx_word' id='word_1_279' title='bbox 874 4187 948 4246; x_wconf 85' lang='lat' dir='ltr'><strong>Hild.</strong></span> <span class='ocrx_word' id='word_1_280' title='bbox 981 4185 1042 4244; x_wconf 88' lang='lat' dir='ltr'><strong>Bal.</strong></span> <span class='ocrx_word' id='word_1_281' title='bbox 1119 4195 1123 4205; x_wconf 84' lang='lat'><em>&#39;</em></span> 
     </span>
     <span class='ocr_line' id='line_1_38' title="bbox 105 4274 626 4352; baseline -0.013 -15"><span class='ocrx_word' id='word_1_282' title='bbox 105 4288 206 4337; x_wconf 86' lang='lat' dir='ltr'><strong>et-</strong></span> <span class='ocrx_word' id='word_1_283' title='bbox 236 4277 488 4352; x_wconf 76' lang='lat' dir='ltr'><strong>coniungendam.-</strong></span> <span class='ocrx_word' id='word_1_284' title='bbox 543 4274 626 4334; x_wconf 81' lang='lat' dir='ltr'><strong>deest</strong></span> 
     </span>
    </p>
   </div>
   <div class='ocr_carea' id='block_1_6' title="bbox 0 0 1302 4898">
    <p class='ocr_par' dir='ltr' id='par_1_6' title="bbox 0 0 1302 4898">
     <span class='ocr_line' id='line_1_39' title="bbox 0 0 1302 4898; baseline 0 0"><span class='ocrx_word' id='word_1_285' title='bbox 0 0 1302 4898; x_wconf 95' lang='lat' dir='ltr'><strong> </strong></span> 
     </span>
    </p>
   </div>
  </div>
 </body>
</html>
