2594 4898
72 387 81 395 -
182 354 255 419 nou
427 314 1011 413 urcruonrunusnruunus.

182 528 311 604 propter
324 521 482 596 timorem,
500 537 558 580 nec
572 525 702 596 propter
713 517 899 596 praemium,
917 538 977 580 nec
991 525 1123 598 propter
1136 541 1247 599 paren·

183 624 280 687 telam
296 620 456 683 ullatenus
474 617 580 680 celare
603 617 720 680 debeas
743 617 977 699 archiepiscopo
1000 620 1040 682 de
1058 619 1211 684 Treveris
1219 625 1247 704 τ)

183 733 237 789 aut
254 726 321 787 eins
339 724 452 798 misso,
471 722 521 782 cui
538 719 599 786 hoc
615 722 773 798 inquirere
790 722 929 799 iusserit,
948 722 1203 803 quandocunque
1218 730 1247 785 ta

183 848 227 890 ex
251 826 317 888 hoe·
338 824 591 904 interrogaverit.
634 819 689 883 sic
710 828 743 883 te
765 819 854 885 Deua
878 823 1007 887 adiuvet
1024 831 1058 888 ct
1078 826 1165 889 istae
1181 846 1246 888 san·

183 936 305 997 ctoruru
320 924 481 1005 reliquiae.

471 1073 647 1154 Reliqui
670 1073 957 1161 itaiurentdp
1039 1160 1042 1165 ι

267 1197 356 1265 Istud
386 1201 638 1272 sacramentum,
678 1195 762 1273 quod
791 1196 854 1257 iste
883 1197 1001 1259 iuravit
1031 1196 1072 1257 de
1103 1195 1247 1279 synodali

183 1321 293 1379 causa,
316 1289 400 1378 quod
421 1303 456 1359 tu
477 1293 556 1361 illud
578 1294 780 1374 observabis,
801 1299 834 1359 in
852 1305 1002 1376 quantum
1018 1300 1104 1376 sapis
1125 1307 1182 1362 aut
1199 1321 1246 1361 au·

183 1403 267 1480 disti,
285 1407 341 1465 aut
357 1399 398 1465 ab
417 1397 477 1461 hac
495 1398 546 1465 die
563 1398 595 1465 iu
613 1404 709 1465 autea
726 1398 929 1481 inquisiturus
947 1420 992 1463 es.
1035 1397 1092 1465 Sir
1110 1410 1147 1467 te
1164 1398 1246 1463 Deus

183 1502 320 1566 adiuvet.

210 1668 247 1733 C.
266 1667 325 1732 lV.
369 1668 452 1731 Post
468 1667 576 1735 datum
592 1676 823 1736 curvamentum
840 1675 999 1735 voratum
1012 1668 1041 1751 8)
1061 1677 1223 1754 epr'vcopm

600 1772 784 1854 alloquatur
794 1771 838 1854 θ);

267 1903 406 1983 Videte,
419 1904 544 1982 fratres,
563 1911 598 1966 ut
615 1903 754 1969 Domino
772 1905 913 1969 reddatis
929 1907 1110 1969 iuramenta
1127 1914 1245 1978 vestra3

182 2029 247 2075 non
271 2008 358 2070 euim
382 2005 497 2068 homini
521 2007 664 2091 iurastis,
692 2006 749 2068 sed
765 2004 838 2071 Deo
860 2009 997 2070 creatori
1017 2015 1138 2073 vestro.
1182 2005 1246 2070 Nos

182 2115 304 2189 autem,
328 2110 379 2189 qui
398 2111 464 2170 eius
482 2108 618 2170 ministri
634 2129 756 2189 summ,
781 2128 844 2172 nou
861 2115 1020 2173 terrenam
1037 2109 1246 2173 substantiam

180 2217 321 2275 vestram
343 2210 607 2289 concupiscimus,
634 2209 691 2277 sed
712 2208 847 2273 salutem
870 2213 1046 2301 animarum
1070 2218 1247 2274 vestrarum

180 2314 378 2395 requirimus.
424 2309 557 2389 Cavete,
576 2298 753 2393 ne‘aliquid
770 2311 987 2393 abscondatis,
1007 2321 1101 2376 etex
1120 2311 1246 2377 ulterius

180 2421 311 2494 peccato
329 2419 437 2477 vestra
453 2410 512 2474 fiat
529 2411 700 2475 damuatio.

279 2564 316 2629 C.
336 2564 377 2628 V.
422 2542 505 2629 l’cvt
520 2563 599 2628 inec
616 2571 666 2628 itu
677 2585 740 2651 per
758 2566 897 2630 ordinem
913 2573 1094 2650 iuturuget
1106 2563 1155 2651 f):

244 2707 275 2763 1„
319 2700 380 2763 Est
404 2702 437 2762 in
463 2700 524 2762 hac
549 2699 700 2780 parochia
726 2700 898 2780 homicida,
925 2704 978 2782 qui
1004 2701 1169 2767 homiuem
1195 2708 1247 2765 aut

179 2808 356 2882 spontanea
381 2799 545 2863 voluntate
572 2808 626 2863 aut
652 2803 830 2882 cupiditatis
853 2809 908 2866 aut
932 2804 1118 2885 rapacitatis
1140 2825 1245 2883 cansa,

180 2909 235 2964 aut
252 2922 339 2980 casu,
358 2908 412 2963 aut
429 2899 540 2964 nolens
555 2908 588 2965 et
607 2910 747 2982 coactus,
766 2912 821 2968 aut
837 2927 893 2989 pu·
911 2905 1052 2968 vindicta
1069 2913 1246 2986 pareutum,

179 3003 262 3085 quod
283 3002 401 3065 faidam
420 3002 550 3066 dicimus
563 3004 609 3087 ⁹),
628 3012 682 3067 aut
698 3006 732 3068 in
750 3004 849 3086 bellu,
867 3014 922 3070 aut
938 3009 1027 3069 iussu
1044 3005 1177 3086 domini,
1194 3015 1247 3070 ant

178 3106 339 3187 proprium
357 3125 483 3168 servum
501 3103 668 3193 occideriti

263 3211 294 3268 2.
337 3206 396 3270 Est
422 3205 534 3289 aliquis
560 3207 718 3286 parricida
743 3215 798 3271 aut
823 3209 1004 3289 fratricida,
1031 3209 1084 3289 qui
1109 3218 1244 3291 patrem,

176 3314 326 3388 matrem,
349 3303 509 3399 sororem,
531 3307 678 3391 fratrem,
701 3307 888 3374 avunculum
906 3317 961 3374 aut
978 3307 1118 3393 aliquem
1132 3332 1246 3393 paren·

175 3415 303 3488 tem10)
323 3407 535 3473 interfecerit?

244 3613 270 3679 d)
278 3615 372 3663 Burcb.
382 3618 401 3663 l.
410 3616 451 3663 93.
462 3611 529 3679 (Β),
539 3617 601 3666 Aur.
611 3617 682 3666 Grat.
691 3617 752 3667 ibid.

244 3684 273 3728 G.
290 3685 333 3731 IV.
368 3680 494 3744 e)Burcb.
502 3688 521 3733 1.
532 3688 572 3731 94.
582 3685 636 3746 (R.)

205 3746 208 3750 '
243 3751 271 3797 c.
289 3751 320 3798 V.
356 3750 382 3810 t)
401 3752 580 3801 Burch.1.9l.
595 3752 659 3818 (m),
677 3753 721 3801 ubl
733 3753 933 3814 interrogatorio
945 3752 1011 3802 hacc
1023 3754 1141 3815 capitula
1155 3757 1242 3804 eade·

174 3818 229 3865 tere
239 3817 328 3865 ordina
336 3823 512 3870 recensentur.
924 3868 927 3873 .

218 3933 315 3994 C.lll.
337 3940 515 4015 7)cpz'scopc
537 3940 684 4007 (dolien.
772 3939 807 3998 C.
828 3939 864 3999 V.
892 3942 918 4016 ᾗ.
944 3948 970 4006 1.
999 3943 1033 4015 tl)
1057 3940 1178 4019 quods.
1198 3944 1243 4000 d..-

176 4027 267 4094 om.).·
288 4019 407 4080 Helmst.
427 4022 501 4080 Coll.
520 4023 581 4080 citt.
729 4022 791 4083 des.
810 4045 857 4102 ap.
876 4024 981 4085 Burch.

217 4103 249 4161 C.
265 4104 317 4163 lV.
342 4111 374 4178 8)
383 4106 540 4181 juniores:
557 4105 685 4164 Hild—
771 4109 797 4186 ἕ.
817 4113 847 4172 2.
873 4115 923 4184 10)
939 4119 1118 4189 parentum:
1138 4109 1242 4171 Vicnu.

74 4196 77 4201 “
173 4186 265 4267 Apud.
280 4186 537 4251 Ral.'inscribltur:
560 4193 686 4251 Allocu·
728 4191 834 4253 Burcb.
1186 4200 1189 4205 '

173 4275 214 4331 tio
233 4275 373 4351 cpviccpi.
541 4304 544 4309 ⁴
