2594 4898
68 318 72 330 ’
175 356 225 421 ae
446 304 999 414 arcrnon1aaam1nns.'
1035 312 1039 317 ’

261 524 314 587 87.
356 521 392 585 Si
410 522 605 586 exorcismos
628 528 662 584 et
679 520 839 584 orationes
860 519 903 585 ad
924 513 1246 606 machumeriam)

174 626 368 706 faciendum,
384 619 442 688 'ad
466 624 588 688 fontem
617 644 740 704 quoque
771 621 1017 687 consecrandum
1047 627 1081 685 et
1105 620 1247 704 reliquas

175 750 284 809 preces
328 749 423 809 super
463 725 639 793 masculum
677 733 711 789 et
752 725 904 788 feminam
941 720 1108 805 pluraliter
1150 733 1247 807 atque

176 829 393 915 singulariter,
439 829 587 892 distincte
623 835 717 908 atque
751 824 984 892 rationabiliter
1013 825 1158 907 proferre
1193 849 1247 892 vu·

174 913 263 997 lleatl
474 921 476 926 ¹
878 1002 882 1011 Ι
958 1005 961 1010 Ι
1046 1017 1051 1022 Ι

263 1056 314 1114 88.
358 1049 512 1114 Similiter
543 1050 688 1114 ordinem
717 1047 899 1129 baptizandi
929 1046 971 1110 ad
1000 1048 1247 1113 succurrendum

177 1151 332 1218 infinnisl
937 1178 939 1181 ·

263 1277 315 1336 89.
360 1269 514 1335 Ordinem
532 1292 655 1351 quoque
676 1268 900 1333 reconciliandi
921 1271 1014 1332 iuxta
1035 1270 1166 1332 modum
1188 1267 1247 1332 sibi

177 1376 328 1439 canonice
354 1380 564 1459 reservatum,
592 1381 686 1455 atque
712 1369 872 1456 unguendi
896 1367 1056 1449 infirmos,
1083 1373 1246 1435 orationes

178 1498 301 1559 quoque
319 1475 422 1539 eidem
439 1477 621 1539 necessitati
644 1479 875 1557 competentes,
893 1472 1021 1571 sibene
1038 1473 1121 1536 sciat
1136 1471 1244 1560 legere

179 1587 235 1642 aut
250 1579 435 1640 memoriter
453 1575 642 1639 enunciarel

264 1701 317 1758 90.
362 1692 514 1757 Similiter
544 1695 687 1759 ordinem
719 1702 753 1758 et
781 1713 891 1775 preces
917 1695 952 1757 in
978 1694 1124 1773 exequiis
1155 1700 1247 1774 atque

179 1796 311 1881 agendis
329 1794 570 1858 defunctorumt

264 1920 317 1980 91.
362 1913 397 1976 si
414 1916 596 1979 memoriter
612 1921 721 1979 teneat
742 1915 938 1980 exorcismos
956 1919 991 1979 ot
1006 1912 1245 1978 benedictiones

44 2080 53 2091 ,
182 2037 282 2103 aquae
300 2021 333 2078 et
350 2013 447 2078 salut

264 2140 317 2198 92.
363 2133 399 2196 Si
416 2142 543 2198 cantum
560 2141 745 2198 nocturnum
763 2142 858 2215 atque
875 2133 1020 2199 diurnum
1038 2133 1187 2198 noverit‘l

114 2301 144 2361 s
267 2257 320 2316 93.
365 2251 400 2315 si
419 2260 598 2333 compotum
618 2255 788 2332 minorem,
807 2254 840 2317 id
862 2260 928 2334 est,
952 2258 1097 2332 epactas,
1121 2272 1249 2316 concur·

180 2362 287 2421 rentes
304 2354 484 2438 regulares,
502 2358 654 2419 terminos
672 2354 837 2436 paschales
857 2361 890 2418 et
906 2353 1048 2435 reliquos
1065 2352 1192 2434 sapiati

265 2479 318 2538 94.
362 2475 398 2538 Si
420 2473 539 2538 habeat
562 2474 840 2558 martyrologium,
859 2493 902 2537 ex
928 2494 990 2555 quo
1016 2475 1113 2537 certis
1140 2473 1249 2565 diebus

180 2575 325 2641 natadtia
342 2583 523 2640 sanctorum
539 2575 655 2656 populo
674 2576 855 2639 adnunciet.

265 2681 319 2741 95.
363 2675 399 2738 Si
423 2677 542 2741 habeat
568 2678 775 2761 quadraginta
800 2676 948 2740 homilias
975 2676 1121 2763 Gregorii
1146 2684 1182 2743 et
1197 2698 1250 2742 eas

180 2779 321 2842 studiose
344 2777 432 2861 legat
457 2784 490 2839 et
510 2777 679 2862 intelligat.
723 2779 766 2842 Et
782 2782 810 2843 si
828 2800 882 2843 eas
897 2777 1025 2843 habere·
1047 2800 1112 2842 non
1133 2766 1251 2860 pothi,

182 2878 235 2943 vel
253 2900 431 2943 sermonem
449 2879 604 2958 praedicti
621 2881 761 2945 doctoris
779 2882 819 2944 de
836 2883 1037 2967 septuaginta
1053 2878 1215 2961 discipulis
1232 2901 1251 2942 e

184 2980 324 3047 Domino
343 2982 384 3044 ad
400 2980 645 3060 praedicandum
666 2985 770 3045 missis
792 2983 911 3046 habeat
927 2991 961 3045 et
978 2981 1146 3065 diligenter
1167 2981 1252 3066 legat

188 3090 221 3146 et
237 3082 410 3166 intelligat,
430 3089 462 3145 et
480 3092 666 3166 cognoscat,
686 3106 720 3147 se
738 3084 779 3147 ad
797 3085 932 3148 sormam
946 3085 1150 3168 septuaginta
1162 3084 1252 3148 disei-

189 3183 333 3266 pulorum
349 3174 388 3247 in'
399 3186 572 3247 ministerio
591 3185 803 3250 ecclesiastico
821 3209 893 3251 esse
909 3183 1109 3267 promotuml

268 3306 320 3366 96.
365 3303 400 3366 Si
426 3301 542 3367 habeat
567 3304 825 3385 poenitentialem
845 3303 1022 3368 Romanum
1047 3302 1101 3367 vel
1123 3326 1145 3368 a
1168 3302 1251 3368 'l'lie-

183 3407 282 3470 odoro
301 3407 448 3487 episcopo
467 3413 521 3470 aut
539 3429 560 3470 a
576 3406 750 3472 venerabili
767 3405 857 3471 Beda
874 3408 1010 3486 editum,
1032 3413 1068 3470 ut
1084 3406 1250 3470 secundum

183 3509 267 3588 qnod
284 3508 330 3572 ibi
347 3505 497 3590 scriptum
514 3516 578 3589 est,
596 3519 652 3575 aut
668 3512 845 3594 interroget
862 3506 1083 3589 confitentem,
1107 3517 1164 3574 aut
1181 3528 1250 3573 cou-

183 3610 269 3673 fesso
286 3610 414 3673 modum
431 3613 646 3691 poenitentiae
663 3611 827 3692 imponatl

491 3811 630 3878 Finit
659 3815 946 3895 inquisitio.

270 3962 363 4027 Haec
379 3984 461 4048 quae
482 3986 580 4050 repro
602 3969 804 4050 capitulatim
825 3967 1016 4054 inquirenda
1033 3973 1253 4053 capream,

185 4071 382 4130 auctmtmre
400 4073 552 4132 cananea
569 4064 716 4133 roborare·
734 4080 870 4156 oportet.

188 4195 400 4204 non-wo*

220 4258 273 4328 26)
284 4256 507 4318 caticuminum:
524 4207 616 4317 Codd.
627 4269 802 4320 constanter.
