2594 4898
440 342 548 438 ω.
570 356 780 419 xrr-xvn.
1099 363 1172 426 nor

88 532 187 611 prius
204 525 388 592 oblationes
405 527 607 590 offerentium
625 526 900 606 commendentur,
922 535 957 592 et
973 537 1047 592 tunc
1064 550 1174 594 eorum

88 633 245 710 momina,
264 651 394 710 quorum
413 626 592 693 oblationes
609 636 694 708 runt,
711 631 796 693 inter
811 651 904 693 sacra
920 633 1086 695 missarum
1103 654 1172 715 my-

88 736 201 798 steria
219 734 433 796 nominentur.

130 935 171 1000 C.
196 934 293 1000 XVI.
344 935 404 1017 Ut,
426 943 512 1002 erent
531 945 631 1002 sexta
643 938 756 1018 ferm,
778 945 829 1004 eta
849 936 980 1004 sublato
1001 943 1144 1004 restruan-

565 1039 637 1103 duur
658 1046 711 1104 eit.

416 1176 475 1239 Ex
496 1177 624 1240 eadem
644 1174 807 1256 epistola
821 1178 859 1262 t).

187 1293 334 1359 Sabbato
351 1316 429 1360 vero
446 1296 649 1360 ieiunandum
668 1318 755 1375 esse,
772 1300 857 1361 ratio
870 1297 1105 1362 evidentissima
1118 1298 1173 1363 de·

103 1406 268 1463 namnet.
311 1393 412 1477 Nam,
437 1399 467 1461 si
495 1397 546 1460 die
574 1392 796 1480 dominicuft)
823 1400 864 1463 ob
878 1400 929 1486 ²⁵)
956 1399 1173 1466 venerabilem

105 1501 367 1565 resurrectionem
393 1498 523 1563 Domini
550 1502 651 1564 nostri
676 1498 750 1564 lesu
778 1499 895 1565 Christi
923 1522 987 1565 non
1012 1501 1115 1567 solnm
1136 1505 1183 1569 in·

107 1600 229 1669 Pascha
246 1601 453 1682 celebramus,
470 1624 580 1666 verum
598 1604 693 1666 etiam
711 1624 769 1683 per
785 1602 928 1687 singulos
947 1603 1080 1669 circulos
1094 1604 1173 1669 heb·

106 1704 274 1771 &mudum
296 1707 394 1785 ipsius
416 1705 482 1767 diei
499 1706 669 1789 imaginem
687 1704 939 1784 frequentamus,
962 1728 1000 1770 ae
1018 1715 1109 1770 sexta
1125 1707 1173 1771 se·

95 1808 154 1871 nie
176 1816 304 1888 propter
324 1810 502 1888 passionem
524 1805 655 1871 Domini
677 1809 870 1886 ieiunemus,
897 1808 1062 1872 sabbatum
1084 1831 1174 1888 prae·

101 1911 283 1975 'termittere
300 1930 364 1972 non
383 1906 547 1988 debemus,
565 1912 641 1990 (Ῑιιί2
651 1912 679 1994 ⁶)
697 1912 779 1973 inter
795 1910 957 1973 tristitiam
972 1919 1004 1974 et
1017 1909 1173 1975 laetitiam

88 2013 256 2092 etemporis
278 2008 363 2074 illins
385 2011 511 2075 videtur
532 2033 601 2074 esse
623 2009 772 2075 inclusus.
824 2008 909 2074 Nam
927 2020 1066 2091 constat,
1086 2009 1173 2093 Apo-

88 2114 101 2163 --'
105 2112 203 2179 riolos
215 2112 311 2177 biduo
328 2115 390 2176 isto
409 2121 442 2176 et
459 2114 490 2176 in
508 2133 654 2176 moerore
671 2112 780 2192 luisse,
799 2121 831 2177 et
843 2121 972 2193 propter
988 2124 1107 2176 metum
1120 2113 1172 2177 ln·

88 2214 255 2291 .,daeomm
288 2236 323 2278 se
354 2211 540 2278 occultasse.
604 2212 824 2294 Quapropter,
856 2214 937 2278 sicut
965 2222 1060 2277 sexta
1090 2215 1173 2282 feria

88 2302 304 2381 'binnandnm
332 2323 395 2396 est,
423 2317 469 2381 ita
494 2326 527 2382 et
551 2315 687 2381 sabbato
713 2315 869 2402 agendum
892 2323 956 2395 est,
983 2318 1056 2396 quia
1078 2315 1171 2380 ambo

106 2418 171 2485 rlies
188 2420 350 2484 tristitiam
368 2417 553 2499 ostendunt,
571 2420 653 2483 sicut
670 2418 739 2482 dies
757 2419 915 2483 dominica
932 2416 1098 2483 laetitiam.

399 2604 437 2670 C.
455 2605 568 2672 xvii.
620 2605 711 2671 Unde
727 2627 825 2692 supra
838 2609 875 2692 ¹).

188 2744 312 2809 Ieiunia
337 2765 413 2807 sanc
439 2740 597 2827 legitima,
624 2743 656 2806 id
683 2749 745 2823 est,
773 2750 885 2824 quarta
911 2751 944 2807 et
969 2750 1064 2807 sexta
1089 2743 1171 2809 feria

107 2867 167 2910 non
193 2854 267 2911 sunt
291 2844 459 2925 solvenda,
484 2847 546 2909 nisi
571 2867 629 2927 pro
654 2847 766 2930 grandi
793 2847 1064 2930 necessitatefl),
1096 2849 1172 2928 qnia

106 2949 185 3013 feria
203 2955 314 3029 quarta
330 2947 425 3012 ludas
444 2949 484 3011 de
501 2949 672 3013 traditione
689 2946 821 3011 Domini
840 2950 1006 3033 cogitavit,
1026 2956 1171 3013 etsexta

102 3038 184 3116 laria
206 3048 377 3115 crucifixus
400 3056 449 3115 est
469 3047 636 3132 Dominus
687 3048 855 3114 Videbitnr
877 3071 969 3135 ergo,
993 3054 1045 3131 qni
1067 3054 1099 3116 in
1120 3051 1169 3116 his
1210 3062 1214 3068 '

88 3326 91 3353 ι
108 3293 195 3355 epiro,
209 3306 259 3339 rer.
269 3306 328 3341 ann.
339 3295 397 3342 416.
412 3288 467 3356 (ep.
478 3292 586 3352 Dionys.
597 3293 641 3341 int.
652 3293 763 3339 Decreta
773 3293 791 3340 i.
802 3305 824 3339 e.
833 3287 880 3356 2.).
892 3313 922 3326 -·
934 3290 998 3338 con.
1006 3293 1064 3338 vat.
1078 3305 1100 3341 c.
1112 3293 1169 3340 29⁴.

107 3358 193 3421 (tene).
201 3384 237 3394 -
246 3362 312 3408 nint.
322 3364 340 3410 Ι.
350 3362 390 3409 De
399 3374 470 3410 conr.
479 3375 502 3409 c.
512 3363 554 3410 13.

172 3432 199 3477 c.
216 3429 286 3477 xvi
303 3426 331 3493 q)
341 3430 464 3490 Excerpt.
474 3442 507 3476 ex
518 3429 573 3476 ead.
582 3429 657 3490 epist.
667 3428 720 3488 (ap.
730 3427 837 3487 Dionys.
847 3430 865 3477 i.
876 3442 898 3476 e.
908 3425 955 3488 t.).
963 3451 998 3461 —
1008 3427 1135 3477 colivet.
1145 3443 1169 3478 c.
1261 3413 1265 3420 ⁸

107 3498 257 3560 wittone).
266 3522 301 3535 -
309 3497 386 3547 Decr.
395 3499 437 3546 IV.
447 3501 496 3558 28„
507 3498 568 3546 Pan.
579 3500 609 3547 tl.
620 3499 677 3545 131.
686 3497 750 3558 (0.),
761 3497 826 3544 Dirt.
836 3498 877 3544 ΙΙΙ.
886 3497 926 3543 lle
936 3509 1007 3544 conr.
1018 3510 1040 3544 c.
1053 3498 1093 3544 13.
1104 3496 1168 3557 (0.).

172 3568 199 3614 c.
217 3566 297 3617 XVli.
331 3562 358 3631 r)
376 3567 451 3613 Vitae
465 3568 510 3614 SS.
524 3566 643 3626 Petrum,
661 3566 751 3615 Rufino
770 3566 876 3624 interpr.
895 3566 923 3611 Ι..
936 3567 970 3617 ΙΙ.
986 3577 1008 3613 c.
1022 3566 1089 3613 1.-
1104 3564 1170 3615 coit.

106 3633 160 3683 l'at.
175 3648 197 3683 c.
212 3636 284 3683 m:
303 3633 348 3681 Ee·
361 3634 438 3682 dictis
455 3634 481 3685 S.
491 3632 622 3694 Apollonia·
634 3631 728 3698 (tone).
740 3661 768 3670 -
781 3636 856 3683 Decr.
871 3634 911 3680 tV.
926 3635 979 3693 32,
997 3633 1060 3682 Pau.
1070 3635 1099 3681 ΙΙ.
1110 3634 1169 3686 118.

105 3701 175 3770 (D),
194 3703 259 3752 coti.
272 3704 305 3752 tr.
319 3716 344 3763 p.
359 3705 390 3750 11.
406 3705 446 3750 50.
459 3717 482 3750 c.
497 3705 533 3763 1.,
551 3703 617 3750 nint.
627 3702 669 3752 ill.
679 3704 718 3749 De
728 3716 799 3750 conr.
810 3716 832 3750 c.
843 3704 896 3762 1o.‚
916 3715 997 3751 orum:
1017 3701 1062 3748 Ex
1071 3702 1132 3749 dict.
1141 3701 1169 3753 S.

104 3771 219 3835 Apellen.
227 3794 263 3804 -
271 3772 330 3820 Sar.
341 3772 381 3821 vl.
393 3773 433 3818 ot.
444 3767 510 3834 (R.):
524 3770 569 3817 Ex
579 3770 662 3832 Epist.
672 3771 820 3817 Innocentis·
827 3771 870 3829 P.‚
886 3771 960 3817 eninr
975 3769 1075 3829 quidem
1086 3771 1168 3818 taleae

101 3838 280 3900 inecriptionie
294 3853 374 3887 cauea
390 3840 455 3886 illuri
472 3844 512 3887 ert
530 3839 682 3899 Reginonir:
704 3838 777 3886 Unde
795 3851 890 3902 supra,
908 3838 1079 3899 praecedente
1096 3840 1168 3901 irog-

99 3911 190 3958 mento
198 3920 234 3956 ex
242 3907 316 3968 epist.
325 3910 458 3959 Innocent.
817 3911 820 3915 '

145 4059 179 4119 C.
202 4058 281 4119 xvl.
314 4065 367 4132 24)
392 4061 466 4120 diem
491 4061 615 4119 domitet·
702 4059 735 4120 C.
757 4057 850 4119 XVll.
879 4064 931 4132 27)
960 4063 1022 4119 uisi
1042 4061 1171 4138 grando

95 4166 183 4211 eum:
213 4146 288 4224 orig.
317 4144 402 4204 Decr.
436 4145 504 4205 Pan.
534 4144 614 4204 Grai.
659 4146 764 4224 aliquo
784 4148 945 4208 necesitas
961 4142 1072 4220 suerit:
1102 4144 1169 4204 Vet.

92 4236 156 4307 25)
167 4229 252 4290 ‹lecrt
269 4230 336 4290 Vat.
349 4236 441 4297 1352.
474 4236 527 4307 26)
543 4252 614 4311 quo·
659 4230 733 4291 Coll.
752 4231 815 4290 citt.

89 4323 199 4384 ntem:
218 4313 289 4378 ibid.
