2594 4898
180 364 254 432 Μ
424 359 591 425 nautae
608 354 741 424 ulutatu
753 356 1014 426 SECUNDUS.

182 540 399 612 accusatores,
420 552 478 615 per
494 551 531 596 aa
547 529 684 613 iudices,
706 550 764 612 per
780 551 817 594 se
832 536 950 611 testes,
971 552 1035 612 per
1050 550 1088 596 so
1106 535 1238 613 accusati,

181 657 261 701 unus
285 636 470 716 quicquain
493 653 552 698 suo
569 624 788 699 ordinabiliter
813 632 935 697 ordine.
980 628 1071 699 Nam
1088 636 1239 714 inscriptio

181 741 282 821 primo
300 758 426 818 semper
442 735 514 812 fiat,
535 743 572 799 ut
584 733 736 815 talionem
763 733 976 799 calumniator
1004 739 1156 817 recipiat,
1180 738 1240 817 quia

180 849 255 906 ante
280 841 520 920 inscriptionem
546 857 640 901 nemo
663 836 759 901 dohet
781 837 915 902 iudicari
932 836 1169 919 vel-damnari,
1186 859 1242 903 cuu

181 951 216 1010 et
236 941 334 1007 seculi
356 941 444 1026 leges
466 939 547 1003 haec
568 939 681 1003 eadem
699 941 873 1020 retineant,
900 941 941 1003 da
965 941 1087 1022 quibus
1111 942 1243 1005 omnibus

180 1067 260 1110 vera
276 1058 402 1125 semper
413 1041 472 1107 fiat
489 1040 676 1124 aequalitas,
695 1049 849 1122 quatenus
868 1045 1093 1108 accusationis
1106 1052 1142 1109 ct
1153 1045 1244 1108 iudicii

182 1155 216 1212 ot
237 1131 412 1212 testimonii
436 1145 617 1211 mercedem
642 1166 698 1224 per
719 1146 889 1210 veritatem
910 1152 1081 1233 gestonun
1110 1146 1247 1228 consequi

180 1249 323 1317 valeant.

207 1420 245 1489 C.
263 1419 388 1487 LXIV.
437 1418 540 1487 trouu
555 1441 599 1487 ea
620 1419 757 1506 Corpore
777 1419 956 1501 lleodocii,
975 1442 1052 1507 cap.
1071 1420 1226 1506 xmp

267 1556 332 1634 Qui
348 1578 426 1622 voro
444 1559 476 1622 in
494 1554 628 1621 ecclesia
644 1559 764 1622 remitti
779 1563 910 1638 peccata
927 1579 994 1622 non
1008 1558 1167 1638 credens,
1184 1578 1245 1622 coa·

179 1662 294 1726 temnit
320 1661 419 1725 divini
443 1640 583 1724 muneris¹
607 1657 805 1744 largitatem,
832 1662 923 1724 etin
950 1657 1015 1722 hac
1040 1660 1245 1726 obstinatione

180 1764 296 1826 montis
323 1762 406 1826 diem
426 1760 546 1824 claudit
568 1768 761 1841 extremum,
789 1783 862 1826 reus
889 1770 938 1826 est
959 1760 1019 1825 illo
1043 1760 1244 1828 irremissibili

179 1871 310 1945 peccato
331 1865 366 1925 in
387 1863 530 1941 spiritum
551 1869 712 1942 sancctum,
735 1865 768 1926 in
791 1884 852 1944 quo
873 1851 1026 1955 Christus
1052 1874 1189 1946 peccata
1211 1864 1245 1927 di·

133 1991 137 2003 ·
180 1964 351 2050 mittit82).
394 1961 447 2026 Do
474 1984 535 2043 qna
561 1965 745 2044 quaestione
767 1962 890 2030 difficili
909 1968 943 2029 in
965 1968 1114 2046 quodam
1131 1973 1246 2049 propter

180 2067 242 2131 hoc
259 2065 363 2130 solum
381 2066 557 2148 conscripto
575 2064 682 2131 libello
700 2065 967 2147 enucleatissime,
987 2077 1150 2151 quantum
1160 2070 1245 2153 potui,

181 2169 347 2252 disputavi.
1037 2268 1041 2273 .

255 2339 420 2441 cccxv.
461 2338 522 2407 aa
538 2310 699 2439 tarouca
719 2338 881 2425 emmas,
899 2321 968 2427 cap,
992 2342 1139 2409 ccnrr.
1153 2347 1184 2430 ι)

266 2477 304 2543 Si
321 2480 389 2560 quis
407 2485 512 2541 antem
529 2499 587 2559 pro
603 2474 745 2558 qualibet
761 2476 853 2559 culpa
865 2501 924 2543 sna
935 2479 1035 2544 fuerit
1048 2480 1093 2546 ab
1111 2483 1247 2546 oratione

181 2602 361 2661 suspensus,
379 2578 484 2644 nullus
503 2601 572 2644 cnm
591 2601 630 2643 ao
648 2580 760 2643 orandi
779 2589 835 2645 aut
851 2581 1001 2662 loquendi
1018 2581 1145 2648 habeat
1160 2582 1248 2647 licen·

180 2685 277 2762 tiam,
313 2690 482 2762 antequam
511 2681 697 2762 supplicanti
727 2679 856 2748 licentia
886 2706 906 2747 a
940 2685 1048 2764 priora
1085 2686 1248 2750 tribnatm.

180 2781 280 2863 Nam,
304 2786 357 2864 qui
379 2805 413 2848 se
436 2780 647 2848 orationi‘vel
669 2784 917 2849 confabulationi
940 2786 1023 2864 eiua,
1043 2795 1251 2869 antequama

179 2887 284 2965 priore
301 2887 485 2966 recipiatur,
514 2887 752 2950 inconsiderata
768 2890 887 2968 pietate
903 2888 1030 2951 sociare
1051 2911 1250 2970 praesumse-

57 2980 85 2999 ''
179 2988 236 3065 rit,
263 2984 375 3050 similis
403 2986 599 3051 damnationi
626 2991 693 3052 eius
716 2987 871 3054 efficiatur
892 2991 1020 3055 tradens
1047 2995 1249 3075 semetipsum

179 3087 359 3153 voluntarie
385 3095 535 3170 satanae,
563 3092 613 3153 cui
637 3090 687 3155 illi
703 3092 874 3157 secundum
895 3095 1091 3158 senteutiam
1100 3093 1250 3178 ‘Apostoli

178 3213 236 3273 pro
264 3193 314 3255 sui
338 3199 446 3257 reatus
473 3193 695 3258 emendatione
721 3193 826 3259 morat
848 3194 1026 3275 deputatus.
1071 3196 1119 3262 Et
1139 3200 1173 3263 in
1194 3197 1250 3263 hoc

178 3284 305 3379 gravius
326 3303 452 3375 peccat,
476 3298 528 3375 qui
549 3297 661 3375 seipsi
679 3297 855 3381 coniungit,
882 3299 956 3377 quia
972 3296 1130 3364 solatium
1152 3304 1184 3365 ei
1199 3301 1251 3365 tri-

179 3396 280 3461 bueus
299 3418 355 3461 cor
372 3398 439 3460 eius
458 3395 589 3479 amplius
607 3397 685 3461 facit
701 3397 853 3480 indurari,
871 3407 906 3464 et
922 3420 984 3463 uon
1003 3404 1166 3481 permittit
1182 3423 1250 3467 eun

178 3496 236 3579 pro
263 3498 339 3579 hoc,
367 3497 450 3579 quod
471 3497 512 3562 ab
535 3500 679 3562 oratione
700 3498 804 3564 fuerat
825 3509 1027 3587 segregatus,
1054 3503 1098 3567 do
1125 3505 1250 3570 satisfa-

180 3603 284 3665 ctione
306 3624 364 3665 sua
386 3609 419 3664 et
439 3602 533 3666 venia
557 3605 714 3686 cogitare,
741 3602 798 3666 sed
823 3624 880 3684 per
904 3606 1059 3670 maiorem
1083 3607 1249 3688 superbiae

178 3701 322 3767 fomitem
340 3710 373 3768 et
391 3706 622 3768 contumaciam
639 3702 848 3785 delinquentis
866 3708 964 3769 numit
980 3707 1014 3770 in
1031 3709 1138 3788 peius.

248 3927 275 3972 t).
293 3927 383 3975 thv.
418 3925 448 3993 p)
465 3929 602 3990 Augustini
610 3929 742 3978 Euchirid.
753 3932 783 3978 de
792 3931 854 3993 fide,
864 3946 887 3980 c.
898 3933 938 3981 8³.
947 3933 1088 3982 -Burch,
1097 3937 1192 3984 xvm
1201 3938 1248 3999 19,

178 3993 255 4042 neor.
264 3993 321 4042 xv,
330 3996 372 4042 41.
382 3989 540 4058 (a.),xvu.
551 3999 676 4048 caonas
685 3999 763 4047 creta
772 3998 919 4061 Amostae

248 4065 275 4113 G.
294 4063 371 4111 LXV.
406 4063 434 4123 q)
451 4065 507 4110 linc
526 4070 604 4125 caput
622 4068 766 4115 denumtnm
784 4072 825 4115 ert
838 4082 873 4116 ex
885 4070 950 4118 coll.
963 4071 1022 4120 vro
1041 4086 1064 4123 c.
1079 4075 1156 4136 m,
1175 4077 1249 4134 aare

179 4144 241 4179 casu
260 4132 353 4191 capitia
367 4130 395 4178 iu
407 4144 439 4178 sa
451 4145 574 4180 numerus
589 4136 647 4181 252.
659 4136 688 4183 in
700 4139 817 4186 nostram
834 4137 1030 4199 inscriptionem
1043 4146 1179 4205 receptes.
1212 4142 1248 4189 ct.

178 4214 257 4262 supra
266 4201 299 4248 ad
306 4203 367 4262 Reg.
376 4201 406 4249 L.
415 4202 446 4249 11.
456 4213 479 4247 c.
489 4202 547 4251 396.
556 4204 611 4252 not.
618 4201 647 4266 1).

223 4318 256 4379 C.
275 4318 378 4381 thv.
401 4323 454 4397 82)
471 4319 550 4396 Quae
566 4333 738 4404 sequnntur,
759 4321 821 4387 des.
838 4344 884 4406 ap.
901 4323 1009 4387 Burclr.
