2594 4898
10 3544 19 3577 b

410 340 414 347 ’
479 362 695 428 nomme.
1037 438 1046 464 ⁸
1078 370 1127 435 eo

136 539 192 597 44.
235 530 273 596 Si
293 531 444 598 feminam
466 534 507 596 ad
529 532 631 598 altare
652 536 876 618 permittatss)
898 537 1066 620 scandere,
1093 545 1127 604 et

50 636 138 716 quod
155 656 221 699 non
241 630 353 714 lioeat,
373 633 504 700 euticem
520 633 655 700 Domini
671 643 816 721 tangere.

137 741 192 801 45.
237 735 274 799 Si
289 758 349 817 per
369 739 534 818 peeuniam
551 738 646 802 fuerit
664 738 843 820 ordinatus,
873 737 926 804 vel
943 742 1060 823 ipsun,
1090 745 1124 807 iu

52 863 114 920 qua
134 847 257 919 cantat,
274 841 378 918 pretio
396 839 570 904 obtinuerit
586 838 770 904 ecelesiam?

138 946 192 1004 46.
237 939 274 1004 Si
291 939 388 1005 uliam
404 949 478 1005 ante
495 939 641 1005 babuerit
659 941 836 1024 ecelesiam,
855 950 904 1026 et,
926 966 966 1009 ea
983 945 1125 1026 dimissa,

54 1043 94 1108 ad
110 1041 210 1107 aliam
227 1051 376 1123 quaestus
394 1064 490 1106 oansa
507 1043 705 1130 migraverit?

139 1148 194 1208 47.
229 1143 263 1208 Si
280 1144 387 1224 plures
404 1151 513 1210 teneat
527 1145 678 1210 ecelesias
692 1149 761 1211 sine
776 1145 911 1212 aliorum
922 1149 1125 1234 presbytero·

55 1268 125 1310 rum
141 1245 319 1310 adiutorio?

132 1353 183 1412 -48
195 1351 258 1432 ¹⁵).
294 1347 330 1411 Si
348 1347 478 1412 atterius
495 1347 736 1431 parochianum,
757 1352 819 1415 nisi
835 1353 869 1416 in
885 1352 1000 1418 itinero
1015 1352 1125 1433 fuerit,

54 1448 95 1514 atl
115 1453 247 1514 missum
263 1450 414 1531 recipiat?

139 1556 193 1615 49.
238 1551 274 1615 Si
294 1555 328 1617 in
346 1552 477 1616 alterins
493 1553 644 1633 parochia
661 1554 791 1618 missam
814 1557 983 1638 eantetss)
1004 1554 1126 1641 absque
1217 1550 1225 1557 ’

56 1653 306 1736 eompresbyteri
323 1654 489 1718 voluntate
507 1664 540 1720 et
557 1655 688 1739 rogatui

139 1760 192 1820 50.
237 1755 272 1819 Si
289 1757 443 1820 decimam
461 1757 502 1820 ad
520 1755 713 1842 alterumss)
731 1760 942 1836 pertinentem
959 1756 1109 1840 recipiat!

140 1863 193 1921 51.
237 1855 274 1921 Si
303 1861 519 1939 poenitentem
547 1860 680 1938 invitet,
717 1880 845 1924 carnem
874 1861 1066 1925 manducare
1093 1866 1126 1924 et

55 1959 164 2024 bibere
176 1961 296 2039 vinum,
315 1961 376 2024 nisi
389 1980 447 2040 pro
463 1980 504 2025 eo
518 1960 557 2023 ad
574 1980 723 2040 praesens
741 1960 979 2044 eleemosynam
996 1961 1126 2027 ieceritt

141 2066 193 2125 52.
238 2059 274 2124 Si
306 2070 411 2126 cartas
443 2062 578 2142 scribat,
614 2061 665 2126 vel
700 2064 749 2126 sui
782 2066 917 2128 senioris
951 2065 1127 2129 conductor

54 2162 195 2227 existatt

142 2269 195 2328 59.
239 2263 276 2328 Si
293 2265 513 2331 indifferenter
529 2265 689 2346 baptizet?

142 2371 196 2430 54.
240 2364 276 2429 Si
293 2387 359 2431 non
376 2367 473 2432 babet
489 2368 595 2431 fontes
612 2367 772 2447 lapideos,
791 2368 819 2430 si
842 2367 961 2433 habeat
972 2369 1022 2452 Η)
1041 2367 1127 2432 aliud

55 2488 112 2534 vos
131 2467 174 2532 od
191 2467 254 2531 boo
269 2476 505 2548 praeparatum,
523 2471 558 2532 in
576 2488 636 2548 quo
654 2467 734 2531 nihil
756 2467 843 2531 aliud
857 2467 932 2532 flata

142 2575 195 2634 55.
239 2568 276 2632 Si
302 2573 480 2634 orationem
506 2570 698 2634 dominiorum
724 2577 757 2634 et
777 2570 957 2654 symbolum
977 2571 1132 2647 omuibus,

55 2675 118 2736 suis
135 2669 338 2752 parochianis
354 2674 546 2735 insinuatum
564 2671 698 2736 habeat?

142 2775 256 2859 56¹⁸).
299 2770 352 2837 De
368 2772 481 2837 litania
498 2775 631 2839 meiere.

142 2872 273 2952 bisti).
315 2872 369 2938 Do
384 2875 613 2961 rogationibus.

142 2983 196 3042 58.
240 2975 276 3040 Si
292 2978 443 3041 ieiunium
465 2987 599 3058 quatuor
623 2987 801 3059 temporum
822 2980 897 3042 anni
917 2977 1002 3060 plebi
1024 2980 1126 3044 omni·

57 3081 158 3144 modis
176 3079 410 3144 observandum
427 3079 674 3166 adnuncietNfl

142 3186 194 3246 59.
238 3180 275 3244 Si
296 3180 378 3244 feria
400 3189 513 3263 quarta
535 3190 609 3247 ante
632 3182 905 3266 quadragesimam
921 3180 1048 3262 plebem
1064 3181 1127 3245 sibi

61 3285 258 3346 commissam
274 3283 316 3347 ad
334 3283 568 3347 confessionem
584 3286 714 3362 invitet,
733 3291 767 3347 et
784 3287 815 3346 ei
831 3287 923 3363 iuxta
941 3281 1127 3363 qualitatem

62 3383 165 3448 delicti
181 3387 409 3466 poenitentiam
424 3387 583 3470 iniungat,
602 3406 666 3448 non
685 3405 728 3447 ex
745 3384 841 3446 corde
859 3404 933 3463 suo,
955 3383 1024 3461 sed,
1047 3384 1129 3447 siout

62 3487 90 3549 in
105 3485 326 3568 poenitentiali
343 3489 491 3566 seriptum
510 3485 576 3550 esti
1009 3552 1012 3557 ,

142 3593 197 3652 69.
241 3587 279 3650 Si
301 3588 403 3653 tribus
425 3588 618 3670 temporibus
641 3588 726 3666 anni,
752 3587 775 3650 i.
798 3607 826 3650 e.
846 3580 963 3650 Natala
985 3579 1128 3664 Domini,

101 3749 153 3815 14)
169 3744 334 3820 permittet,
357 3732 449 3804 lr‘oets'
473 3763 572 3803 omnes
618 3749 669 3818 18)
689 3745 719 3803 si
742 3741 849 3802 habet:
884 3741 986 3814 Trev.;
1018 3739 1132 3800 habeat

66 3825 170 3899 Cocli,
214 3838 246 3886 ut
280 3840 376 3888 autem
412 3831 506 3888 oratio
543 3831 571 3887 in
615 3822 1127 3906 (εἰοιιι.)ε6015511555-Ηίῐῶ

66 3910 190 3971 omnibus
209 3911 265 3971 sibi
289 3923 404 3974 constet
421 3912 571 3992 capitibus,
615 3930 688 3992 pro:
726 3914 757 3972 si
784 3911 899 3971 lrabeat
926 3909 1011 3970 obicd
1040 3910 1127 3990 legit:

23 4036 28 4051 .
67 3986 221 4056 neonem
235 3997 265 4057 5.
279 3999 298 4057 Ι.
312 3998 396 4059 nobis
410 3992 570 4058 videbatur.
615 3999 665 4056 vel
699 3996 795 4069 aliud,
837 4007 868 4056 et
907 3993 1026 4056 secund.
1050 3994 1128 4054 iiiam

68 4084 116 4154 15)
145 4081 209 4141 Boo
246 4102 312 4162 cap.
348 4103 385 4144 ox
419 4084 506 4143 Trev.
542 4094 572 4142 ot
615 4081 677 4141 Bai.
708 4100 831 4163 quoqne.
883 4086 935 4155 19)
969 4078 1072 4141 dosunt
1097 4080 1127 4138 in

68 4160 359 4229 &metuentium
374 4179 430 4228 est.
451 4173 502 4241 16)
528 4168 571 4227 sie
614 4167 699 4226 Trev.
746 4166 827 4240 195)
857 4165 960 4226 desunt
987 4167 1016 4223 in
1041 4164 1126 4223 'item

68 4245 161 4324 bea,
200 4261 331 4313 eoum:
377 4262 446 4313 oeta
479 4250 570 4311 Codri.
615 4257 668 4327 29)
681 4251 902 4313 obar‘nsr‘nuot:
923 4249 1029 4310 Goth.-

71 4338 114 4408 17)
132 4338 277 4398 alteram:
317 4336 437 4417 Gueipb.
466 4336 570 4397 Vienn.

31 4432 51 4866 5
424 4738 459 4833 {a
