2594 4898
189 329 252 391 rra
468 308 637 383 urcino
656 319 978 383 manaremus

190 491 401 560 oblationibus
420 513 457 556 ac
474 495 558 555 votis
576 489 718 555 fidelium
735 489 798 553 alio
817 492 945 554 nomine
958 510 1011 553 res
1026 495 1251 572 comparaverit

120 588 123 593 ⁶
190 604 222 661 et
239 596 284 658 ibi
301 602 473 658 structuras
498 595 624 673 fecerit,
597 592 720 672 tvel,
746 614 826 673 quae
846 593 887 655 ad
904 591 1071 656 ecclesiam
1088 597 1252 675 pertinent,
1276 568 1291 689 l

190 698 308 761 ibidem
327 695 531 759 collocaverit
549 702 582 758 et
599 694 763 758 mulierum
781 695 971 774 frequentat
963 715 1071 758 ronam
1083 696 1166 760 inibi
1186 694 1253 761 fieri

188 800 380 881 permiserit,
408 796 477 876 vel,
506 797 590 877 quod
614 799 734 877 turpius
763 803 826 875 est,
853 795 934 860 tales
960 795 1111 860 mulieres
1139 798 1253 862 ibidem

188 901 353 979 habuerit,
386 921 465 980 quae
479 899 551 982 ⁴⁶¹)
577 897 751 977 lanificium
777 919 868 961 suum
893 905 1066 962 exerceant
1091 905 1126 962 et
1152 921 1253 964 curam

189 1005 299 1068 domus
315 1009 421 1086 agant,
442 1001 554 1085 41444)
572 1003 605 1064 in
623 1001 735 1063 eodem
747 991 916 1082 presbyter
928 1000 1112 1080 frequenter
1125 1004 1252 1065 veniens

71 1125 77 1132 ‘
109 1088 121 1113 ⁰
188 1106 348 1168 manserit.
403 1101 523 1167 Contra
549 1104 681 1192 decreta
713 1122 869 1172 canonum
899 1101 967 1165 hoc·
990 1100 1110 1170 malum
1141 1106 1251 1187 agitur,

188 1209 261 1288 quia
281 1208 362 1269 sicut
378 1222 437 1268 nec
454 1227 528 1284 suo,
546 1206 591 1267 ita
609 1226 669 1267 nec
687 1203 792 1267 alieno
811 1205 938 1267 nomine
954 1203 1126 1286 presbyter
1143 1205 1251 1269 foenus

83 1327 85 1330 ·
188 1330 339 1372 exercere
366 1306 477 1386 debat,
505 1305 604 1369 multo
626 1308 728 1368 minus
750 1306 893 1369 fraudem
915 1305 1021 1368 lacere
1039 1304 1080 1369 de
1097 1306 1251 1371 facultati

187 1411 245 1474 bus
264 1408 502 1488 ecclesiasticis,
531 1411 678 1488 quoniam
698 1406 760 1470 hoc
781 1406 983 1492 sacrilegium
1002 1416 1052 1472 est
1069 1414 1103 1472 et
1120 1430 1179 1490 par
1197 1410 1251 1473 cri·

186 1533 259 1578 men
272 1513 346 1591 ⁴⁶³)
365 1509 463 1576 Iudae
480 1511 570 1590 furis,
593 1512 645 1591 qui
661 1531 768 1575 sacras
786 1509 965 1575 oblationes
977 1509 1052 1596 444)
1071 1511 1251 1592 asportabat

187 1622 219 1679 et
235 1612 409 1708 furabatur.

483 1732 519 1796 C.
540 1731 751 1797 CCXXIV.
773 1732 827 1841 De
844 1740 987 1797 acerris.

365 1867 411 1932 In
442 1870 683 1933 canonibus
709 1869 1071 1953 Apostolorum)
1149 1848 1153 1857 ’

272 1990 452 2069 Episcopus,
465 1989 636 2093 presbyter
654 1996 709 2052 aut
727 1989 879 2051 diaconus
892 1977 1005 2052 usuras
1019 2011 1039 2051 a
1055 1988 1247 2054 dabitoribus

186 2093 318 2176 exigens
337 2099 392 2155 aut
409 2060 551 2167 damac
551 2099 606 2155 aut
624 2098 708 2154 certe
727 2092 857 2201 damnet
844 2098 906 2154 t.ur
979 2102 983 2107 ’

126 2289 175 2334 aaa
459 2241 496 2307 C
517 2242 687 2308 CCXXV.
733 2242 786 2310 De
804 2244 913 2308 eodem
929 2267 974 2308 re
1287 2184 1291 2281 l

397 2380 462 2443 Ex
497 2378 729 2444 Concilio
760 2376 1035 2463 Nicaenot).
1162 2415 1167 2423 ,

268 2498 429 2575 Quoniam
445 2498 536 2563 multi
553 2500 611 2563 sub
629 2499 739 2584 regula
762 2502 923 2563 constituti
945 2499 1112 2563 avaritiam
1135 2508 1169 2564 et
1186 2507 1246 2564 tur·

181 2606 235 2684 pia
251 2601 340 2666 lucra
357 2608 533 2681 sectantur,
562 2600 713 2681 oblitique
732 2604 904 2681 scripturae
916 2602 987 2685 ⁴⁶⁵)
1008 2602 1155 2666 dicentis:
1190 2601 1247 2677 Qus

175 2711 346 2789 peccandum
363 2725 450 2769 soom
468 2725 529 2767 non
547 2704 637 2768 dedit
654 2705 699 2768 nd
713 2725 855 2783 ormam,
878 2688 1021 2768 mutuum
1041 2705 1155 2768 dantes
1178 2727 1245 2770 cen-

181 2809 311 2870 tesimas
339 2808 488 2889 exigunt,
514 2809 597 2869 iuste
616 2809 740 2870 censuit
757 2814 868 2871 sancta
885 2806 1040 2889 synodus,
1066 2815 1114 2886 ut,
1133 2809 1163 2869 si
1183 2810 1244 2888 quir

179 2911 325 2972 inventus
343 2908 522 2991 fuerit⁴⁶⁶l
540 2930 653 2971 usuras
672 2910 828 2988 accipiens
842 2911 930 2994 444),
955 2916 1009 2972 aut
1025 2906 1194 2989 hemiolia,
1217 2908 1244 2972 id
1285 2932 1289 3021 Ι

249 3066 276 3110 C.
296 3064 430 3112 ccxxw.
465 3061 490 3130 a)
502 3068 528 3114 C.
538 3067 579 3114 44.
592 3093 628 3103 -
646 3067 710 3127 coll.
724 3068 785 3113 Ana.
799 3067 855 3115 ded.
868 3069 898 3114 11.
914 3068 971 3115 163.
989 3095 1018 3102 --
1036 3066 1130 3114 Burcb.
1144 3069 1176 3116 11.
1192 3069 1244 3114 119.

180 3128 244 3197 (a),
263 3130 521 3198 Decr.v1.195.(ss.)‚
531 3135 599 3183 xffl.
609 3137 659 3196 15,
669 3136 777 3181 Pamlll.
789 3138 846 3181 161.
858 3136 901 3196 (1).
910 3131 1002 3196 x111.);
1012 3134 1186 3183 Diutxwu.
1196 3151 1218 3184 c.
1223 3137 1244 3183 1.

232 3202 259 3248 G.
270 3200 393 3246 CCXXV.
413 3197 437 3265 t)
448 3203 474 3249 C.
481 3204 521 3250 11.
531 3203 587 3251 hab.
598 3216 657 3252 ann.
668 3205 725 3252 325.
737 3199 860 3267 (interpr.
870 3201 967 3264 Dion).
976 3230 1011 3240 -
1021 3203 1085 3250 coll.
1095 3205 1184 3252 Vatc.
1191 3205 1243 3251 318.

178 3264 272 3398 {fona}
298 3269 355 3316 Hal.
365 3271 395 3318 V.
406 3272 429 3318 9.
446 3272 507 3318 Ans.
518 3271 664 3321 cedma
682 3270 1243 3336 -Βιπι1ι.11.126.(11),1446461196.

193 3335 233 3402 )
265 3337 587 3397 Χ11180111Μο1162.

222 3439 253 3497 C
283 3438 436 3499 CCXXlll.
488 3446 561 3514 461)
591 3442 632 3500 sic
661 3454 690 3501 et
729 3443 839 3521 plicae
875 3451 963 3520 atque
992 3443 1041 3500 Ι..·
1075 3438 1142 3500 add.
1172 3443 1243 3520 orig.

180 3522 256 3585 llild.
272 3516 375 3583 etBal.
386 3534 585 3597 correxerunt,
606 3546 690 3628 quum
734 3532 808 3599 464)
829 3547 905 3605 quac
923 3527 965 3585 od
980 3523 1198 3604 osusfidclairm
1212 3545 1243 3585 oc

182 3628 280 3668 omnes
309 3609 399 3669 Codd.
428 3609 601 3670 exhibeant:
629 3615 688 3690 qni.
728 3632 893 3691 pauperum
924 3611 1143 3671 szttebantur
1180 3608 1242 3671 add

182 3692 257 3752 Fons
276 3692 453 3770 Reginonis,
474 3693 544 3752 Cod.
565 3695 687 3756 Darmst.
733 3699 809 3775 orig.

178 3778 206 3835 b.
248 3780 330 3837 item:
359 3781 417 3857 qui.
481 3784 559 3852 462)
588 3793 620 3841 et
650 3784 690 3841 od
775 3783 809 3840 C.
835 3781 974 3841 CCXXV.
1011 3785 1086 3850 465)
1107 3783 1243 3842 debriare:

178 3882 278 3921 eorum
322 3864 388 3922 loca
429 3866 592 3943 circongrue
640 3888 688 3926 re·
732 3866 798 3926 add.
831 3869 905 3945 orig.
939 3866 1012 3925 Coll.
1046 3867 1108 3925 citt.
1164 3870 1242 3938 466)

139 3989 142 3996 .
179 3949 325 4018 currerit,
363 3946 608 4027 frequentaverit
641 3954 691 4011 uel
728 3962 799 4031 post
824 3955 901 4012 donc
930 3952 1150 4031 defim‘tionem:
1176 3948 1241 4011 add.

178 4035 332 4104 manserit,
358 4037 493 4112 quoniam
512 4047 618 4096 contra
637 4039 686 4096 de·
730 4036 798 4096 ibid.
848 4042 936 4113 467).
958 4047 1012 4096 aut
1037 4056 1076 4094 ec
1103 4037 1242 4096 adrianen-

179 4125 261 4175 creta
293 4120 410 4196 agitor,
442 4140 460 4180 a
488 4121 592 4199 quibus
613 4142 686 4200 pcr—
730 4125 810 4182 tione
829 4125 931 4201 aliqua
948 4124 998 4182 ael
1013 4121 1149 4201 quolibet
1160 4123 1242 4182 modo

172 4211 330 4279 petrano,
359 4206 428 4282 quia
450 4209 602 4266 sicot....·
619 4205 684 4266 add.
728 4211 881 4284 negotium
911 4210 1081 4286 transigens
1112 4217 1170 4268 out
1198 4208 1243 4267 b:

177 4290 250 4365 orig.
303 4294 381 4364 463)
406 4293 547 4351 Ananiae
574 4301 607 4351 et
629 4293 685 4352 So·
727 4290 793 4352 add.
815 4291 884 4352 ibid.
