2594 4898
368 325 448 404 cap.
472 322 885 385 cccxxxviii-ccxci.
1096 332 1168 392 aar

95 494 306 575 depraedatus
332 492 530 578 luerit⁵⁸⁴),
557 492 656 556 semel
682 490 715 557 et
737 492 787 556 bis
805 500 900 574 atque
922 496 1033 574 tertio,
1061 499 1089 558 si
1112 518 1165 561 ne·

94 618 184 661 cesse
202 597 310 674 fuerit,
333 594 460 659 vocabit
475 593 565 659 illum
581 617 640 659 sua
661 593 878 659 admonitione
894 619 951 677 per
973 618 1063 660 suum
1080 620 1166 678 pres·

96 700 330 783 byterum⁵⁸⁵)
354 699 506 761 canonice
528 699 571 762 ad
592 698 845 761 emendationem
869 701 938 762 sive
965 703 1166 780 compositio·

95 824 168 865 nem
195 809 229 865 et
254 801 294 863 ad
315 801 557 880 poenitentiam,
590 809 626 863 ut
646 798 718 862 Deo
742 807 774 863 et
800 799 954 865 ecclesiae
980 803 1166 885 satisfaciat,

97 925 190 985 quam
207 901 314 967 laesit.
359 901 395 965 Si
418 911 523 966 autem
547 904 750 966 contemserit
772 911 866 984 atque
894 905 1076 984 despexerit
1098 908 1166 971 eius

97 1007 344 1069 admonitionem
372 1013 405 1069 et
431 1002 668 1068 saluberrimam
694 1007 927 1086 invitationem,
956 1006 1052 1071 feriat
1077 1006 1167 1073 illum

96 1106 249 1188 pastorali
266 1110 366 1191 virga,
385 1107 446 1169 boc
464 1115 524 1185 est,
547 1108 705 1170 sententia
723 1111 1071 1189 excommunicationis,
1093 1118 1166 1173 uta

96 1201 316 1273 communione
341 1217 471 1273 sanctae
497 1208 652 1273 ecclesiae
683 1211 883 1290 omniumque
911 1210 1165 1275 Christianorum

95 1315 136 1376 sit
154 1319 318 1391 separatus
336 1333 434 1392 usque
453 1314 493 1375 ad
512 1333 682 1398 congruam
700 1313 964 1392 satisfactionem,
989 1321 1021 1377 et
1039 1315 1166 1398 dignam

95 1414 369 1489 emendationem3
405 1436 498 1495 quam
530 1416 890 1478 excommunicationem
921 1416 1051 1480 debebit
1081 1417 1165 1480 idem

94 1519 260 1597 episcopus
282 1519 399 1580 seniori
421 1514 505 1580 illius
524 1523 631 1580 notam
645 1519 717 1599 586)
736 1517 858 1594 lucere,
887 1526 920 1582 et
938 1518 1082 1583 omnibus
1100 1520 1165 1582 suis

93 1620 291 1699 coepiscopis
304 1619 393 1702 Μ),
420 1640 461 1682 ne
484 1640 556 1682 eum
578 1619 732 1698 recipiant
747 1641 847 1699 usque
866 1620 907 1683 ud
924 1622 1053 1705 dignam
1070 1623 1172 1685 satis·-

91 1722 277 1791 factionem.

171 1940 210 2005 C.
230 1939 376 2005 ccxci.
420 1942 475 2008 De
491 1943 550 2021 die,
569 1951 626 2029 qui
641 1947 777 2009 alteriue
788 1946 983 2027 parochiam·
997 1956 1081 2010 eunt.
1174 1968 1222 2011 roo

498 2115 553 2177 Ex
575 2115 705 2178 eodem
718 2112 758 2197 f).

102 2288 106 2294 ·
181 2248 233 2312 De
259 2248 322 2313 illis
348 2258 468 2328 autem,
500 2252 551 2330 qui
578 2251 660 2313 intra
685 2249 868 2331 parochiam
895 2249 1082 2314 beneficium
1110 2263 1165 2315 aut

88 2352 301 2417 hereditatem
329 2352 465 2431 babent,
497 2361 531 2417 et
556 2350 685 2416 alterius
712 2354 850 2432 episcopi
876 2353 1059 2433 parochiani
1080 2362 1163 2432 sunt,

90 2463 138 2536 et,
158 2455 233 2518 dnm
251 2453 379 2519 deloco
398 2456 439 2518 ad
452 2454 556 2518 locum
574 2456 635 2518 iter
648 2455 779 2534 faciunt,
797 2457 923 2537 rapinas
942 2462 974 2518 et
991 2456 1164 2535 depraeda-

88 2560 199 2623 tiones
215 2566 380 2643 peragunt,
402 2556 521 2638 placuit
539 2557 630 2621 nobis
649 2566 681 2622 et
698 2556 844 2621 fidelibus
862 2560 1032 2643 uostris*),
1056 2566 1090 2620 ut
1108 2577 1164 2620 ex·

91 2663 376 2738 communicentur,
404 2666 527 2737 nem)
557 2669 632 2725 ante
658 2681 699 2725 ex
721 2659 870 2740 parochia
896 2668 1031 2739 exeant,
1059 2674 1163 2740 quam,

93 2785 176 2845 quae
201 2770 437 2843 perpetrarunt,
465 2763 559 2847 digne
586 2764 765 2826 emendent.
811 2760 954 2837 Quorum
981 2784 1164 2826 excommu-

92 2867 213 2931 nicatio
236 2867 356 2929 seniori
378 2887 486 2928 eorum
509 2873 542 2929 et
562 2868 688 2947 proprio
712 2868 858 2946 episcopo
877 2862 1085 2949 significanda
1103 2873 1163 2943 est,

92 2990 134 3033 ne
153 2990 211 3032 oos
232 2969 398 3047 recipiant,
431 2974 609 3048 antequam
621 2967 696 3031 illuc
713 2968 860 3046 redeant,
883 2968 939 3053 ubi
956 2969 1098 3049 rapinam
1115 2967 1163 3031 fe-

93 3079 218 3150 cerunt,
238 3077 271 3135 et
287 3072 393 3135 omnia
410 3069 549 3152 pleniter¹
564 3071 743 3135 emendent.

94 3306 309 3316 ...-....--.--

92 3453 126 3498 cf.
137 3449 250 3509 capitul.
260 3449 404 3499 ecclesiast.
414 3466 436 3496 c.
448 3465 507 3499 anri.
517 3454 588 3511 804,
608 3466 630 3497 c.
640 3453 663 3496 1.
674 3450 772 3509 (Pertz,
793 3463 817 3507 p.
827 3444 905 3508 129).
914 3474 948 3483 -
966 3446 1058 3493 Burcb.
1067 3446 1112 3494 Xl.
1124 3447 1164 3493 13.

92 3517 157 3584 (R.),
168 3518 318 3566 DechllV.
330 3520 370 3566 83.
380 3520 444 3580 (B.):
457 3519 501 3565 Er
512 3521 587 3566 Cone.
599 3519 719 3567 Melitene.
728 3534 749 3565 c,
760 3520 797 3576 3.;
808 3531 887 3564 causa
897 3516 979 3563 falsae
989 3514 1164 3575 iniseriptionir

92 3592 134 3636 est
143 3586 299 3633 antecedens
308 3601 350 3647 ep.
360 3589 448 3648 Regin.
458 3592 544 3647 caput.

164 3673 193 3720 G,
212 3671 318 3722 CCXCI.
354 3672 376 3732 f)
393 3673 518 3732 Excerpt.
532 3687 566 3720 ex
581 3687 602 3719 c.
617 3677 640 3720 6.
654 3670 736 3721 elaad.
749 3696 784 3707 -
797 3673 890 3720 Burch.
904 3669 1073 3731 xitum),
1088 3669 1164 3718 uper,

93 3741 167 3856 'iffi‘
173 3742 245 3855 13¹9n
243 3739 337 3869 εἶξα.
347 3743 388 3790 vl.
399 3756 422 3800 q·
432 3743 456 3788 3.
466 3755 488 3789 c.
499 3742 597 3801 5.(1).),
608 3754 689 3790 omn:
705 3738 751 3793 nx
759 3741 836 3789 Cone.
848 3739 968 3787 Melitene.
978 3754 1000 3787 c.
1011 3741 1048 3798 λς
1059 3739 1090 3787 de
1099 3738 1164 3785 fel„

138 3961 172 4020 C.
196 3958 307 4019 CCXC.
331 3967 404 4033 584)
431 3964 546 4040 aliquid
562 3965 609 4021 in·
651 3964 712 4020 mis
739 3962 949 4040 parochianis:
991 3958 1057 4019 add.
1090 3957 1163 4018 Coll.

94 4049 172 4105 iusto
189 4042 322 4125 seceritr
355 4046 475 4126 Guelpb.
504 4047 607 4107 Vieun.
653 4048 714 4107 citt.

95 4130 215 4191 llelnst.
228 4126 326 4190 Paris.
347 4132 421 4191 Coll.
441 4134 502 4192 citt.
532 4133 608 4214 585)
696 4132 728 4191 C.
749 4130 967 4202 cedidisse)
993 4148 1064 4190 nect
1088 4124 1163 4186 llild.

93 4219 250 4276 nanceium:
278 4217 347 4276 ibid.
392 4222 465 4289 586)
494 4229 610 4278 tuntum.-
652 4217 714 4278 Bal.
758 4217 788 4296 *)
815 4214 894 4294 ets.
922 4234 970 4275 rc:
1000 4212 1061 4273 des.
1088 4212 1164 4301 tloll.

95 4322 171 4361 omn.
191 4298 284 4361 Codd.
329 4308 402 4378 587)
427 4313 460 4363 et
478 4305 610 4364 omnibus
652 4302 715 4363 eiu.
