2594 4898
391 347 469 428 cap.
490 301 785 411 coxa-ccxvi.
1055 356 1125 416 ow

75 515 114 582 C.
135 513 272 580 CLXV.
322 516 370 581 Ur
390 525 553 601 epricopar
573 525 795 582 monasteriam
817 517 1034 583 monachorum
1051 523 1105 585 vel
1133 542 1182 586 ror

419 622 597 702 puellarum
615 628 763 685 lanceat.
1090 625 1094 630 “

290 737 349 801 Ex
373 736 551 802 Concilio
574 736 895 823 Rotomagensi⁸).

143 839 188 905 Ut
209 841 375 920 episcopus
397 843 624 903 monasterium
647 840 873 903 monachorum
896 849 929 904 et
955 845 1126 908 sanctimo-

56 940 192 1007 nialium
212 942 395 1023 frequenter
415 943 571 1021 introeat,
594 949 627 1005 et
649 964 720 1006 cum
742 942 891 1026 gravibus
913 951 946 1006 et
967 943 1126 1028 religiosis

54 1047 201 1127 personis
228 1046 261 1106 in
287 1065 398 1106 eorum
424 1042 476 1107 vel
503 1066 611 1108 earum
638 1054 796 1108 conventu
826 1044 985 1123 residens,
1018 1068 1127 1111 eorum

54 1149 158 1211 vitam
183 1152 218 1209 et
242 1148 518 1210 conversationem
545 1144 713 1229 diligenter
739 1147 901 1224 discutiat,
929 1154 972 1225 et,
999 1148 1027 1209 si
1053 1148 1128 1228 quid

55 1245 306 1328 reprehensibile
319 1247 491 1325 invenerit,
510 1249 670 1331 corrigere
682 1255 822 1331 satagam
841 1248 1127 1312 sanctimonialium

57 1353 157 1414 etiam
178 1349 360 1429 pudicitiam
383 1347 542 1411 subtiliter
559 1351 745 1434 investiget,
774 1356 818 1427 et,
840 1351 868 1410 si
886 1347 988 1429 aliqua
1005 1351 1153 1412 inveni-⁸

56 1453 212 1533 tur³⁴⁹)‚
240 1472 336 1529 quae,
364 1448 509 1534 neglecto
536 1453 700 1530 proposito
728 1452 898 1528 castitatis,
929 1450 1046 1513 clerico
1073 1457 1129 1514 aut

55 1553 142 1617 laico
168 1552 366 1633 impudenter
390 1554 553 1632 miscetur,
580 1555 697 1616 acriter
721 1551 905 1615 verberibus
931 1560 1128 1631 coerceatur,

58 1663 94 1718 et
111 1658 143 1716 in
158 1657 281 1733 privata
299 1654 443 1718 custodia
460 1654 651 1733 retrudatur,
670 1653 739 1733 ubi,
759 1654 841 1732 quod
859 1654 941 1717 male
953 1657 1127 1735 commisit,

58 1759 155 1841 digno
172 1758 342 1836 poeniteat.
387 1753 562 1818 Interdicut
580 1759 679 1818 etiam
691 1758 763 1840 350)
788 1776 830 1817 ex
848 1759 1037 1820 auctoritate
1055 1778 1129 1819 san-

58 1868 183 1922 ctorum
209 1879 379 1936 canonum,
404 1866 442 1920 ut
467 1856 572 1920 nullus
599 1856 699 1919 laicus
727 1863 782 1920 aut
809 1855 939 1921 clericus
965 1858 999 1920 iu
1021 1879 1129 1921 earum

59 1960 207 2025 claustris
225 1968 257 2024 et
274 1961 404 2022 secretis
421 1958 671 2022 habitationibus
690 1980 852 2021 accessum
870 1958 1003 2039 habeat,
1027 1979 1129 2040 nequa

56 2063 252 2145 presbyteri,
271 2064 332 2124 nisi
344 2068 468 2141 tantum
486 2062 525 2124 ad
544 2064 683 2124 missam.
704 2059 843 2141 Expleta
857 2060 1013 2123 missu'ad
1028 2060 1130 2123 eccie-

59 2169 126 2230 sias
139 2167 213 2246 ³⁵¹)
232 2185 304 2226 suas
322 2165 466 2227 redeant.
512 2162 669 2226 Omnibus
691 2169 858 2243 praeterea
874 2159 999 2240 publice
1017 2169 1050 2224 et
1067 2163 1131 2241 pri-

59 2266 161 2332 uatim
175 2266 357 2344 denunciet,
377 2273 526 2346 quantum
540 2263 698 2345 piaculum
712 2266 769 2342 sit,
788 2265 841 2342 qui
853 2284 1002 2340 sponsam
1013 2258 1133 2324 Christi

60 2373 177 2434 vitiare
199 2370 378 2449 praesumit.
423 2366 458 2428 Si
482 2369 565 2429 enim
584 2365 639 2428 ille
657 2387 730 2428 reus
748 2371 889 2442 tenetur,
913 2365 965 2445 qui
983 2384 1132 2442 sponsam

61 2472 199 2535 hominis
212 2471 286 2559 {⁵2)
303 2467 418 2547 violat,
442 2476 559 2547 quanto
577 2470 678 2550 magis
695 2487 768 2529 reus
791 2454 967 2529 maiestatis
985 2462 1131 2542 efficitur,

63 2577 116 2654 qui
135 2594 282 2652 sponsam
300 2572 522 2649 omnipotentis
540 2566 603 2631 Dei
621 2570 802 2646 corrumpit.

82 2741 120 2807 C.
141 2741 292 2808 CLXVI.
330 2740 376 2807 Ut
392 2741 553 2807 abbatissa
571 2743 611 2807 de
627 2749 817 2807 monasterio
834 2760 896 2803 aaa
912 2739 1112 2825 egrediatur.
1141 2754 1191 2800 ros

168 2863 226 2927 Ex
245 2861 419 2926 Concilio
437 2859 767 2946 Moguuciacensi,
786 2881 862 2941 cap.
881 2858 985 2941 XVI.
1001 2857 1030 2942 ¹t)

151 2982 324 3046 Abbatissa
338 2984 411 3062 353)
438 3002 633 3059 nequaquam
661 2981 699 3042 de
725 2982 918 3043 monasterio
941 2978 1133 3062 egrediatur,

65 3088 130 3151 nisi
156 3106 214 3164 per
233 3083 393 3147 licentiam
416 3085 554 3162 episcopi
577 3084 725 3164 sui³⁵⁴),
753 3084 815 3143 nisi
841 3081 924 3143 torto
949 3077 1050 3162 regati
1072 3081 1135 3140 ius-

65 3191 157 3251 sione
179 3186 405 3269 cogatur355).
451 3185 492 3246 Et
514 3186 540 3246 si
564 3183 689 3262 quando
712 3182 798 3244 foras
819 3183 937 3263 pergit,
960 3180 1000 3241 de
1018 3181 1135 3241 sancti-

64 3288 271 3366 monialibus,
298 3308 376 3366 quas
402 3307 508 3348 secum
531 3285 631 3364 ducit,
659 3304 766 3347 curam
795 3282 1048 3354 maximam³⁵⁶)
1078 3277 1134 3340 ha·

66 3393 158 3469 beat,
176 3388 317 3453 utnulla
334 3391 381 3453 eis
399 3388 491 3451 detur
507 3389 634 3449 occasio
653 3384 805 3464 peccandi
818 3386 902 3457 ⁸⁵¹).

138 3567 165 3612 c.
184 3565 280 3611 CLXV.
316 3560 341 3624 a)
358 3565 422 3610 Hab.
435 3575 496 3608 ann.
511 3563 582 3623 659,
602 3574 624 3610 c.
640 3558 681 3608 19.
692 3583 723 3593 -
733 3557 827 3605 Burcb.
839 3556 905 3604 vm.
919 3557 961 3603 co.
976 3552 1042 3616 (a),
1060 3553 1136 3600 Decr.

67 3635 122 3681 vu.
133 3634 174 3680 er.
184 3632 321 3692 (auran.
332 3632 372 3677 nr.
382 3634 440 3679 215.
450 3631 514 3690 (a).

138 3703 167 3750 c.
185 3701 293 3753 cuxvt
329 3698 355 3759 h)
372 3701 436 3746 tran.
453 3702 501 3745 uuir
519 3698 624 3745 Rebsno
642 3711 702 3744 aun.
717 3696 775 3742 ast.
787 3718 821 3729 -
834 3692 1002 3741 Burcb.Vlll.
1018 3692 1058 3738 89.
1072 3688 1136 3751 (R),

69 3772 148 3819 Dect.
156 3770 210 3818 vn.
221 3771 262 3818 98.
270 3765 340 3833 (9.),
350 3769 411 3816 Pan.
420 3770 462 3813 ΙΙΙ.
474 3769 531 3814 210.
541 3767 609 3826 (9.),
620 3779 700 3813 omna
710 3764 755 3811 Er
765 3764 840 3811 Cone.
851 3761 996 3822 Gangrcns.
1006 3774 1028 3805 c.
1040 3762 1064 3805 9.

114 3871 148 3930 G.
168 3869 282 3929 CLXV.
303 3874 378 3941 349)
395 3871 522 3946 aliquam
539 3869 584 3925 in-
628 3865 934 3925 uitatemanaslerrirm
945 3860 1053 3919 labet:
1070 3856 1136 3918 add.

47 3958 206 4039 'renuite
229 3954 308 4013 Hiid.
329 3953 391 4013 liat.
436 3958 510 4025 359)
531 3971 584 4010 aa·
628 3952 701 4028 orig.
735 3954 809 4014 354)
830 3956 884 4006 aut
900 3948 953 4025 qui
968 3948 1031 4004 clar
1047 3946 1138 4003 vicem

71 4039 221 4102 terrebat.
232 4040 455 4116 thncellulas:
464 4038 583 4103 helmst.
629 4035 760 4095 ababuc:
779 4031 845 4092 add.
863 4030 903 4090 ib.
939 4035 1013 4101 355)
1033 4030 1138 4088 πίει·-

70 4131 152 4205 352)
178 4127 341 4185 05155ίί-
353 4126 494 4183 lomina.-
515 4120 584 4181 des.
629 4131 773 4199 cogatur:
791 4116 852 4177 des.
871 4116 946 4175 Call.
964 4117 1026 4172 citt.
1062 4112 1140 4190 956)

71 4211 150 4272 Hild.
168 4211 232 4270 Bai.
630 4205 875 4283 etaigr'lantiam:
892 4198 958 4258 add.
969 4199 1043 4274 orig.
1062 4200 1137 4265 957)
1216 4218 1229 4233 ·

118 4297 150 4357 C.
172 4295 300 4355 CLXVI.
319 4300 393 4369 353)
410 4312 485 4371 queue
499 4295 530 4352 la
544 4295 586 4350 ci·
630 4293 689 4349 det.
695 4309 779 4366 pecc.
794 4287 917 4344 licentia
929 4285 990 4341 siae
1004 4299 1084 4340 oea.-
1099 4278 1138 4336 ib.
