2594 4898
180 256 228 382 ιὰ
457 308 626 395 ‚recuro
648 309 782 372 crena
803 310 973 372 narnus.
1010 270 1016 289 ’

180 486 386 558 venerentur,
408 484 442 544 et
458 499 523 543 non
539 480 582 542 ait
598 479 710 543 domus
726 475 792 541 Dei
808 484 843 543 et
857 477 974 542 altaria
993 483 1123 543 sacrata
1141 483 1247 560 peruia

181 584 328 662 canibus,
356 590 389 651 et
409 587 443 644 ut
465 603 540 644 vasa
565 588 692 644 sacrata
717 577 874 664 Deum)
899 602 1016 664 magna
1039 585 1246 647 veneratione

182 687 376 763 habeantur,
396 691 428 746 et
445 690 480 745 ut
496 680 652 746 sacrificia
673 678 871 747 sanctificata
894 704 964 746 cum
981 703 1098 766 magna
1116 683 1245 768 diligen·

183 791 229 853 tia
246 786 286 857 ab
306 789 352 849 eis
370 783 574 868 colligantur,
592 785 645 864 qui
662 784 748 869 digni
765 791 846 848 sunt.

143 1000 174 1044 an
223 971 261 1037 C.
280 969 465 1036 XXXVII.
501 970 585 1036 Item
603 971 642 1035 de
659 976 896 1046 restauratione
912 974 1119 1055 eccleae’urum
1137 972 1211 1039 Der.
1285 1048 1291 1091 Ι

274 1126 332 1189 Ex
363 1119 647 1204 capitularibus
678 1121 864 1187 Ladovici
893 1121 1194 1205 Imperatoris,'

594 1246 670 1304 cap.
698 1224 837 1310 Xan).
944 1282 948 1287 .

271 1346 322 1411 De
340 1368 436 1427 opere
454 1343 506 1410 vel
526 1345 758 1408 restauratione
781 1341 986 1409 ecclesiarum
1009 1366 1116 1408 comes
1135 1352 1169 1408 et
1184 1346 1246 1425 epi·

186 1471 297 1529 scopus
324 1450 392 1512 aive
413 1448 518 1512 abbas
544 1468 607 1509 una
629 1468 700 1509 cum
722 1447 818 1509 misso
840 1455 966 1525 nostro,
994 1468 1088 1527 quem
1108 1449 1171 1527 ipsi
1192 1446 1247 1510 sibi

188 1550 304 1615 adhoc
323 1549 491 1633 elegerint,
519 1548 803 1611 considerationem
823 1547 960 1628 faciant,
981 1555 1018 1611 ut
1038 1551 1247 1630 unusquisque

83 1658 86 1664 ’
188 1673 297 1715 eorum
314 1657 438 1714 tantum
455 1651 529 1712 inde
548 1650 682 1729 accipiat
695 1650 735 1712 ad
750 1651 942 1728 operandum
956 1659 989 1714 et
1001 1652 1248 1729 restaurandum,

189 1759 338 1833 quantum
354 1752 423 1832 ipsc
440 1752 480 1815 dc
497 1751 594 1817 rebus
611 1749 815 1815 eeclesiarum
829 1751 946 1816 habere
960 1753 1249 1837 cognosciturffl).

188 1852 343 1918 Similiter
359 1861 394 1918 et
410 1855 494 1918 rasni
514 1855 616 1917 nostri
638 1861 693 1917 ant
715 1856 748 1917 in
770 1875 934 1918 commune
955 1861 1079 1918 tantum
1101 1856 1251 1935 accipiant

90 2037 93 2041 .
189 1957 309 2036 operia,
328 1963 477 2036 quantum
497 1977 603 2019 rerum
625 1955 909 2020 ecclesiasticarum
930 1955 1065 2036 habent,
1086 1955 1142 2019 vel
1161 1976 1251 2020 anne·

83 2080 88 2085 ’
191 2059 322 2138 quiaque
347 2078 405 2138 per
428 2079 464 2121 re
481 2056 573 2120 in'xta
600 2059 825 2138 quantitatem,
853 2079 947 2139 qnam
976 2061 1044 2138 ipre
1071 2064 1176 2138 tonet,
1203 2063 1253 2123 aut

190 2161 220 2224 ei
245 2161 329 2222 inter
354 2180 410 2222 eoa
432 2161 631 2238 convenerit,
657 2163 693 2221 ut
717 2179 774 2237 pro
802 2179 898 2240 opere
920 2159 1067 2223 faciendo
1091 2166 1252 2243 argentum

191 2263 326 2340 donent,
350 2262 443 2325 iuxta
464 2263 718 2326 aestimationem
735 2263 839 2342 operis
857 2263 890 2325 in
908 2269 1039 2345 argento
1061 2261 1252 2342 persolvant,

191 2385 263 2428 eum
285 2384 345 2443 quo
362 2365 464 2443 pretio
485 2371 591 2428 rector
612 2363 765 2427 ecclesiae
783 2363 823 2427 ad
840 2364 1034 2451 praedictam
1050 2363 1253 2429 restauratio·

192 2487 265 2530 nem
292 2466 454 2545 operarios
481 2465 658 2531 conducere
681 2471 714 2529 et
734 2468 901 2529 materiam
926 2467 1029 2547 posuit
1054 2486 1172 2529 emere.
1216 2466 1254 2529 Et

193 2570 246 2649 qui
262 2588 364 2631 nonae
381 2573 414 2631 et
429 2567 567 2633 decimae
584 2568 661 2633 dare
679 2566 872 2652 neglexerit,
894 2568 1026 2649 primum
1044 2567 1172 2647 quidem
1188 2566 1254 2631 illas

194 2691 266 2734 cum
280 2667 352 2752 lege
369 2691 427 2732 sua
443 2672 605 2749 restituat,
623 2671 753 2751 insuper
769 2677 803 2735 et
820 2669 958 2734 bannum
979 2676 1124 2733 noenum
1141 2668 1255 2749 solvat,

193 2771 301 2833 atita
325 2772 498 2855 castigatur
525 2780 652 2852 caveat,
680 2794 721 2836 ne
746 2775 873 2854 saepius
898 2773 1043 2838 iterando
1070 2769 1255 2837 beneficium

193 2872 330 2939 amittn.

461 3041 716 3107 (LXXXVIII.
751 3043 806 3108 De
823 3045 932 3109 eodem
949 3065 994 3109 re.
1104 3044 1109 3053 ’

349 3194 444 3259 Item
470 3218 518 3259 ex
544 3194 770 3277 Capitulari,
797 3197 898 3261 titul.
926 3194 1054 3260 XXII.
1068 3200 1110 3270 1“).

232 3400 239 3415 ·
281 3312 412 3400 nem)
436 3314 581 3396 operibus
599 3317 633 3380 in
650 3318 882 3380 restauratione
905 3315 1125 3394 ecclesiarum,
1144 3318 1213 3378 eive
1230 3316 1257 3377 in

263 3511 291 3559 C.
308 3509 441 3557 XXXVII.
477 3505 512 3568 m)
524 3508 641 3568 Anaegia.
660 3509 721 3567 Gap.
739 3509 768 3555 1..
786 3509 827 3553 lv.
847 3521 870 3557 c.
887 3508 928 3556 38.
946 3505 982 3566 (c.
1002 3508 1025 3554 5.
1043 3504 1258 3565 Capitatlandor.

194 3578 313 3637 Aquiegr.
327 3591 386 3624 ann.
397 3578 480 3637 817.);
494 3578 528 3622 ct.
541 3591 563 3622 c.
577 3579 618 3622 15.
632 3576 742 3635 capitul.
752 3577 781 3621 11.
797 3576 900 3623 bethar.
914 3589 974 3623 ann.
987 3575 1045 3620 823.
1078 3575 1118 3620 De
1129 3574 1220 3633 codd,
1235 3573 1258 3619 in

195 3645 287 3700 quibua
304 3646 422 3690 nostram
439 3646 479 3688 eat
497 3656 519 3688 e.
532 3645 585 3702 11,
604 3657 764 3702 quorumque
781 3643 890 3690 similem
909 3642 1005 3704 Regino
1023 3642 1259 3700 habui-revidetur,

196 3710 231 3755 cl.
241 3710 326 3756 Perta.
335 3709 353 3755 l.
362 3710 379 3757 Ι.
389 3724 413 3768 p.
423 3710 481 3756 ma.
490 3711 548 3756 ³15.
558 3713 613 3755 unt.
624 3708 648 3773 ¹)

265 3794 294 3840 0.
310 3793 453 3841 XXXVIII.
486 3793 516 3853 ιι)
525 3794 617 3854 Aneeg.
627 3794 710 3854 capit.
718 3797 747 3844 1..
758 3797 788 3842 ll.
806 3811 828 3843 c.
843 3798 884 3844 ²2
902 3795 937 3857 (c.
950 3796 991 3843 24.
1005 3794 1259 3855 Capitoliumne

195 3861 301 3909 bethar.
308 3862 461 3921 nquingran.
469 3876 529 3909 ann.
538 3860 609 3928 825.)

241 4017 275 4075 C.
292 4014 427 4075 XXXVI.
457 4020 528 4093 116)
544 4035 624 4076 cum:
643 4014 708 4075 add.
757 4026 822 4076 tur.-
847 4017 926 4088 Bal,
951 4024 1171 4093 cognoscatur:
1189 4015 1261 4092 orig.

199 4101 321 4180 Guclplr.
341 4100 707 4180 llolmat.Vionn.Capitnl.
772 4166 776 4171 ,
798 4103 831 4160 C.
853 4100 1018 4161 XXXVlll.
1056 4105 1130 4171 118)
1154 4101 1261 4161 Semeli-

198 4205 225 4246 c.
246 4192 313 4258 70.;
334 4189 381 4244 in:
403 4184 478 4244 llild.
496 4185 558 4244 Bal.
753 4196 800 4246 ter
818 4189 933 4267 quiden
951 4188 988 4247 de
1006 4205 1073 4264 op..·
1102 4183 1171 4245 add.
1190 4187 1260 4263 orig.

241 4271 274 4331 C.
293 4268 440 4331 XXXVII.
478 4276 555 4345 117)
580 4271 708 4329 deieceri-
