2594 4898
31 338 34 342 ’
106 339 179 401 220
350 333 513 395 REGINO
533 332 666 393 LIBER
683 330 929 394 SECUNDUS.

418 500 456 566 C.
475 499 570 565 xlv.
613 500 668 582 De
685 501 793 566 eaden
809 521 856 564 re.

438 630 441 636 ’
507 637 565 700 Ex
591 637 720 701 eodem
733 639 768 714 t).

195 761 230 825 ln
243 763 295 845 ⁴¹)
312 758 428 822 Exodo
446 755 601 821 Dominus
625 757 702 821 dicit
723 756 763 819 de
781 755 958 818 homicidiis
967 756 1025 842 †)
1048 755 1089 820 Si
1109 765 1172 843 quai

109 869 148 931 de
173 865 334 929 industrio
356 871 391 925 ei
404 882 467 945 per
488 860 623 924 insidias
640 860 800 943 „occidmit
818 859 985 936 hominem,
1012 858 1053 922 ab
1076 862 1175 925 altari

109 988 175 1031 meo
193 969 306 1032 evelles
324 985 407 1037 eum,
427 972 467 1026 ut
481 949 637 1025 morantur
649 965 712 1047 ⁴²).

229 1135 266 1199 C.
289 1133 369 1198 XV.
412 1132 467 1197 De
483 1133 659 1198 homicidii&
676 1151 737 1194 non
754 1141 865 1215 monte
883 1139 1062 1196 commissis.
1125 1186 1128 1190 l
1211 1180 1213 1186 .

373 1270 430 1334 Ex
454 1267 628 1332 Concilio
649 1254 849 1350 Ancyrano
880 1251 909 1356 ).
934 1265 945 1271 ”

197 1389 246 1455 De
268 1389 445 1454 homicidiis
469 1412 531 1453 non
550 1395 661 1469 sponte
679 1389 854 1450 commissis
873 1389 959 1468 prior
977 1387 1107 1468 quidem
1123 1387 1174 1451 de'·

109 1494 211 1559 finitio
234 1501 305 1574 post
325 1503 510 1572 septennem
532 1493 759 1572 poenitentiam
778 1490 1005 1585 perfectionem
1030 1493 1174 1570 consequi

108 1599 282 1679 praecepit,
301 1593 439 1657 secunda
456 1615 533 1657 vero
553 1595 755 1674 quinquennii
772 1600 893 1674 tempus
911 1591 1056 1674 explere.

423 1762 460 1826 C.
483 1761 577 1825 XVI.
622 1763 676 1827 De
693 1764 802 1828 eadem
819 1785 865 1828 re.

108 1883 110 1888 Ι
136 1903 195 1966 Ex
213 1890 377 1981 epistola
394 1897 541 1962 Rabani
559 1893 606 1963 ad
621 1899 869 1964 Heribaldnm
888 1902 1156 1986 episcopumv).

196 2017 279 2084 Nam
297 2018 336 2082 de
354 2019 403 2082 his
421 2019 571 2104 legimus,
595 2022 649 2100 qui
665 2018 809 2083 homiues
832 2041 896 2083 non
918 2027 1032 2100 sponte
1050 2021 1177 2085 interle-

112 2130 237 2202 cerunt,
259 2121 365 2186 Deum
382 2145 439 2202 per
455 2114 671 2202 legislatorem
687 2121 782 2185 nrbes
799 2121 914 2206 refugii
935 2122 1123 2202 deputasse,
1141 2122 1177 2184 ad

113 2247 189 2307 quas
213 2225 431 2308 confugientes
453 2223 652 2288 salvarentur
679 2224 718 2288 ab
739 2224 844 2288 ultore
862 2227 1024 2308 sanguinis
1042 2226 1178 2305 proximi

113 2329 176 2406 sni,
200 2333 233 2390 et
254 2348 318 2389 non
340 2336 549 2390 morerentur.
593 2325 687 2390 Unde
705 2329 739 2391 in
756 2325 1008 2391 Deuteronomio
1027 2330 1179 2408 scriptum

113 2437 162 2493 est
170 2428 258 2516 ††):
277 2427 369 2492 Haec
388 2436 453 2499 erit¹
469 2432 526 2494 lex
543 2429 732 2509 homicidae,
752 2433 927 2512 cujus-vito
943 2431 1107 2495 amanda
1124 2439 1179 2494 ert.

117 2519 389 2616 desperauerit
400 2540 582 2614 proximum
599 2553 687 2596 surim
704 2539 861 2612 nesciens,
880 2542 913 2596 ei
929 2532 1003 2596 lieri
1018 2542 1054 2596 ei
1065 2533 1179 2596 nudius

113 2642 229 2698 tertius
246 2635 365 2697 nullum
383 2634 486 2698 odium
505 2644 616 2697 conire
634 2656 702 2698 eum
719 2633 864 2698 doluisse
878 2633 1110 2718 comprobatur,
1127 2634 1182 2699 red

111 2735 227 2799 abiisse
248 2737 435 2818 simpliciter
457 2756 525 2798 cum
543 2757 580 2799 eo
596 2743 630 2799 ia
646 2740 758 2801 silvam
775 2737 821 2800 ad
837 2739 927 2821 ligna
949 2738 1131 2817 caedenda,
1150 2746 1181 2800 ei

112 2843 147 2900 in
164 2843 338 2899 succimone
355 2840 511 2919 lignorum
527 2844 648 2902 securis
657 2840 795 2923 fugerit
806 2839 963 2929 demanii,
982 2841 1179 2920 autferrcm

113 2939 273 3022 delapsum
303 2939 343 3001 de
373 2937 535 3003 manubrio
565 2929 697 3004 amicum
723 2946 790 3024 ep'us
809 2947 1011 3026 percusserit
1040 2951 1073 3006 ei
1103 2947 1181 3005 occi-

114 3041 214 3118 derit,
241 3039 293 3103 liic
315 3040 361 3103 ud
379 3061 474 3105 unum
494 3041 617 3107 urbium
638 3039 735 3143 supra
753 3046 911 3109 dicturum
930 3045 1122 3130 confugiat,
1148 3052 1182 3108 et

113 3150 203 3219 vivat
214 3147 276 3220 ⁴³).

183 3439 210 3488 C.
227 3439 296 3486 XIV.
331 3439 355 3501 t)
372 3439 660 3490 Concil.Nannet.ibid.
884 3486 885 3490 ,

183 3507 210 3552 C.
227 3507 284 3554 XV.
320 3507 349 3565 u)
367 3509 430 3556 Hah.
449 3522 509 3556 ann.
528 3511 585 3555 314.
604 3524 626 3556 c.
639 3512 681 3556 22.
699 3508 799 3570 (Dion.)
811 3535 841 3544 -
852 3509 916 3556 0011.
925 3510 983 3557 vnt.
997 3523 1020 3557 c.
1032 3511 1076 3557 81.
1090 3511 1181 3572 (fons),

114 3573 195 3621 Dacis.
206 3576 224 3621 1.
236 3577 306 3634 102„
325 3576 382 3621 Hal.
391 3578 433 3621 IV.
443 3578 479 3636 2.‚
499 3578 559 3624 Rab.
570 3578 601 3624 ud
610 3579 641 3626 Η.
652 3593 673 3627 c.
684 3580 720 3638 4.,
737 3579 800 3624 Bab.
809 3578 841 3624 ud
851 3579 880 3624 0.
891 3580 977 3640 c.15.‚
990 3579 1052 3627 Ans.
1062 3579 1120 3627 ded.
1128 3582 1182 3627 Vll.

116 3643 156 3688 82.
165 3665 192 3673 -
201 3642 294 3690 Burch.
305 3645 346 3690 Vl.
358 3646 397 3691 15.
408 3643 473 3706 (R.),
483 3645 558 3693 Decr.
565 3646 598 3692 X.
609 3648 666 3694 144.
676 3645 741 3706 (R.),
752 3648 812 3695 Ans.
821 3647 866 3693 Xl.
876 3648 917 3694 46.

184 3711 211 3755 G.
229 3710 297 3755 XVI.
332 3707 360 3774 v)
380 3713 435 3758 Scr.
449 3726 508 3760 ann.
523 3715 594 3773 853.,
614 3729 636 3762 c.
650 3714 820 3762 4.-Burch.
833 3716 874 3763 Vl.
889 3716 929 3761 23.
944 3713 1045 3775 (Rau),
1062 3715 1182 3764 necax.

116 3776 173 3823 152.
184 3775 248 3836 (Β.);
259 3777 304 3823 Ex
315 3777 390 3827 Cone.
400 3779 516 3841 Mogont.
525 3795 547 3827 c.
560 3784 583 3828 2.

225 3921 271 4029 ll)
284 3922 359 3965 Exod.
370 3936 390 3965 c.
399 3926 432 3966 21.
442 3936 463 3966 v.
474 3927 506 3967 14.

266 3973 357 4026 )Deut.
372 3987 393 4016 c.
407 3978 439 4017 19.
453 3988 475 4018 v.
488 3980 510 4020 4.
523 3979 543 4020 5.

54 4187 63 4196 ἢ
160 4111 194 4172 C.
214 4095 292 4173 XlV.
321 4119 373 4187 41)
394 4119 424 4176 in
449 4154 483 4163 -
502 4121 623 4179 domici·
711 4122 742 4180 C.
766 4121 844 4185 XVl.
886 4127 939 4197 43)
969 4124 1068 4182 uiuet.-
1098 4123 1184 4184 Tros.

116 4200 191 4259 diis:
209 4199 315 4261 desunt
332 4201 367 4260 ab
387 4204 460 4281 orig.
483 4204 537 4280 42)
555 4201 624 4266 Do·
669 4206 755 4266 Goth.

115 4287 210 4345 mentes
228 4288 319 4346 dicit:
336 4286 403 4347 add.
425 4289 499 4366 orig.
