2594 4898
180 338 255 407 Μ
427 336 594 403 anolino
612 334 747 401 LIBER
763 332 1016 403 SECUNDUS.
1084 318 1087 323 ¹

180 511 267 575 mina
283 510 411 575 minime
427 511 600 573 retinemus
618 526 683 573 uon
699 506 803 573 solum
817 508 1006 590 repudiata,
1028 526 1139 572 verum
1154 508 1228 573 eder
1261 535 1288 576 ι

180 612 222 677 ain
242 613 330 677 anmi
349 610 508 677 catholica
528 609 673 676 Romana
693 609 829 676 ecclesia
849 610 1036 692 eliminata,
1062 619 1155 692 atque
1176 632 1230 677 cu
1253 532 1288 695 iffi

180 716 247 779 uuis
277 715 460 778 auctoribus
491 720 715 795 auctorumque
740 713 928 794 sequacibus
952 711 1016 777 sub
1042 713 1232 779 anuum
1264 716 1288 781 in·

181 815 346 881 insolubili
360 815 488 881 vinculo
504 818 539 881 in
556 824 722 883 aeteruum
739 813 928 881 confitemur
944 836 1021 881 ease
1039 817 1196 883 dmuata·
1265 843 1288 898 ju

185 1002 224 1073 C·
246 1004 341 1073 le.
389 1002 449 1085 Ut,
474 1013 533 1092 qui
555 1004 730 1071 edictiones
754 1005 982 1086 defunctum
1008 1012 1172 1087 retincat,
1194 1024 1236 1073 cs·
1265 944 1288 1088 ξ

581 1114 859 1175 communicentur.
1267 1152 1288 1191 3

285 1244 345 1310 Ex
361 1243 537 1310 concilio
556 1242 736 1325 Vasensi,
754 1266 831 1326 cap.
851 1240 1160 1327 CLXXXVIII&
1269 1254 1288 1310 ,³²

268 1362 321 1428 De
339 1356 543 1429 damnatione
562 1385 684 1441 eorum,
702 1365 754 1445 qui
771 1362 950 1429 oblationes
968 1364 1195 1430 defunctorum
1208 1386 1240 1428 rc
1270 1357 1288 1396 '²

184 1468 290 1535 tinent
306 1474 340 1533 et
357 1465 500 1531 ecclesiis
517 1467 643 1531 tradere
661 1466 874 1547 demorantur,
891 1473 928 1531 ut
946 1464 1116 1547 infideles,
1135 1464 1241 1531 suntsi
1271 1459 1288 1499 ²

186 1558 323 1635 ecclesia·
340 1569 523 1650 abiiciendi,
546 1572 619 1651 quia
639 1591 740 1650 usque
762 1569 803 1633 ad
821 1570 1084 1633 exinanitionem
1101 1566 1180 1635 fidei
1193 1590 1241 1651 pcr-
1272 1561 1288 1602 Ε

185 1674 296 1737 venire
324 1680 443 1737 certum
469 1679 520 1737 est
544 1671 627 1736 hauc
652 1673 781 1752 pietatis
807 1672 934 1735 divinae
961 1670 1241 1747 exacerbationem,
1286 1728 1288 1753 ;

185 1796 247 1856 qua
263 1784 297 1839 et
312 1772 425 1838 fideles
444 1775 483 1838 de
501 1796 633 1854 corpore
650 1774 835 1839 recedentes
849 1782 1000 1838 votorum
1015 1772 1243 1855 plenitudiuctt
1264 1724 1270 1841 i

184 1896 338 1956 pauperes
366 1874 531 1940 consolatu
557 1874 727 1941 alimoniae
754 1882 788 1941 et
812 1877 995 1953 necessaria
1029 1878 1243 1941 sustentatione
1284 1954 1288 1965 .

184 1977 384 2058 fraudantur,
401 1977 435 2041 hi
452 1977 533 2042 tales
552 1980 640 2058 quasi
658 1980 827 2064 egentium,
837 1986 1006 2043 necatores
1022 2002 1085 2044 uec
1099 1980 1243 2044 credentes
1275 1972 1288 2013 Π

185 2080 335 2147 iudicium
356 2078 421 2144 Dei
442 2080 580 2144 habendi
602 2090 686 2146 sunt.
729 2080 822 2147 Unde
846 2090 878 2144 et
900 2081 1033 2161 quidam
1053 2090 1184 2163 patrum
1202 2080 1244 2144 nn
1276 2076 1288 2115 Ε

186 2184 310 2264 scriptis
342 2185 407 2248 suis
438 2184 586 2264 inseruit,
619 2192 810 2269 congruente
840 2186 1018 2265 sententia,
1057 2206 1124 2266 qua
1154 2182 1243 2269 nit†):
1277 2178 1288 2275 ξ

186 2284 300 2351 Amico
317 2293 476 2373 quippiam
492 2287 749 2373 raperefiirtum
767 2296 828 2367 est,
846 2288 1014 2352 eccleciam
1023 2278 1197 2369 fraudare
1208 2307 1244 2351 ra·
1267 2278 1288 2439 '⁵

187 2390 361 2477 crilegeum.
969 2386 973 2397 '
1281 2386 1288 2421 ’-

187 2556 226 2625 C.
243 2557 319 2624 LX.
367 2559 454 2627 Item
478 2582 523 2626 ex
555 2564 691 2647 matula
716 2562 877 2627 decretali
902 2559 1023 2626 cauti
1045 2538 1167 2647 Papae
1189 2566 1245 2624 uui
1268 2474 1288 2627 Ι;

218 2669 343 2729 -oereic
381 2662 560 2730 Galliarum
594 2663 717 2729 urbiam
751 2671 904 2749 epsicopic
943 2665 1096 2744 directa,
1132 2686 1199 2748 cap.

514 2800 518 2807 ·
618 2765 783 2830 CXXXV.
800 2763 823 2850 ¹)

273 2900 523 2967 Coniunctiones
542 2910 647 2967 autem
666 2904 970 2988 consanguineorum
987 2898 1062 2967 fieri
1081 2901 1248 2984 prohibete.

187 3002 271 3084 quod
288 3025 343 3069 eas
362 3011 394 3068 et
412 3004 538 3068 divinae
560 3012 592 3069 et
610 3006 708 3070 seculi
725 3005 896 3088 prohibent
911 3002 1012 3089 leges.
1057 3005 1169 3091 Leges
1185 3024 1249 3088 ergo

187 3106 314 3170 divinae
335 3104 417 3171 haec
439 3117 569 3192 agentes
589 3115 621 3172 et
639 3131 709 3185 eos,
733 3111 786 3191 qui
808 3110 915 3173 ex'eis
932 3108 1109 3189 prodeunt,
1128 3128 1191 3172 non
1207 3126 1250 3169 so·
1277 3078 1284 3185 Ι

186 3207 252 3273 lum
271 3212 417 3290 eiiciunt,
441 3210 498 3274 sed
515 3218 549 3274 et
565 3210 752 3275 maledictos
771 3209 941 3291 appeliant.
985 3209 1097 3296 Leges
1116 3232 1194 3274 vero
1209 3228 1251 3272 ac·

186 3310 250 3377 cufi
270 3313 406 3377 infames
429 3311 508 3376 tales
526 3320 642 3377 vocant
664 3321 697 3377 et
718 3313 758 3376 ab
777 3312 952 3376 hereditate
974 3310 1148 3393 repeliunt.
1190 3308 1251 3375 Nos

185 3435 264 3478 vero
288 3423 455 3496 sequentes
477 3423 581 3496 patres
604 3422 730 3478 nostros
750 3423 909 3479 eteorum
926 3417 1072 3500 vestigiis
1091 3414 1252 3479 inhaeren-

186 3522 236 3580 tes
253 3517 384 3582 infamia
401 3537 457 3581 eos
475 3526 620 3581 notamus
639 3526 671 3581 et
688 3518 822 3581 infames
841 3521 911 3580 ess'e
925 3526 1106 3598 censemus,
1126 3518 1201 3598 quia
1211 3517 1253 3578 in·

175 3618 303 3682 famiae
329 3618 459 3683 maculis
482 3622 602 3701 aspersi
625 3628 712 3698 sunt,
744 3641 803 3683 nec
826 3640 881 3682 eos
905 3620 990 3681 viros
1014 3616 1067 3681 vei
1098 3628 1253 3683 accusato

186 3741 254 3801 res,
282 3743 360 3802 quos
386 3721 474 3806 leges
502 3721 599 3786 seculi
624 3724 786 3800 reficiunt,
813 3724 953 3801 recipere
981 3720 1147 3785 debemus.
1196 3720 1253 3782 Eos
1283 3686 1288 3789 i

187 3826 741 3911 autemconsanguineosdicim1m‚
771 3845 849 3906 quos
873 3824 999 3887 diuinae
1028 3832 1062 3888 et
1090 3825 1254 3904 imperato·
1285 3834 1288 3889 1

254 4085 283 4137 c.
299 4084 367 4134 LIX.
401 4085 431 4145 k)
450 4085 488 4131 ci
499 4098 577 4143 supra
586 4086 617 4131 ad
630 4087 691 4146 Reg.
702 4088 729 4131 L.
740 4087 769 4132 ΙΙ.
780 4100 802 4134 c.
813 4086 870 4134 387.
880 4088 934 4131 not.
944 4082 980 4139 bi.

254 4154 282 4198 c.
300 4154 355 4202 LX.
376 4153 397 4212 l)
416 4155 499 4212 caput
508 4153 696 4202 Pseudoieidor.
709 4182 737 4189 -
750 4154 788 4200 Cf.
798 4158 875 4201 Cone.
884 4152 971 4200 Aurei.
981 4154 1024 4200 ΙΙΙ.
1035 4166 1057 4200 c.
1071 4154 1114 4201 10.
1124 4178 1158 4187 -
1168 4151 1249 4200 unna.

67 4250 72 4261 .
186 4220 1183 4286 vn.1.,necr.1x.manamaurnn.‚c.xxxn·.q.r.eta.e.aqna.

315 4335 345 4391 †)
357 4335 453 4379 Hieron.
463 4337 497 4379 ad
504 4334 677 4391 Nepotianum,
688 4338 736 4381 oid.
748 4336 771 4380 C.
783 4335 840 4381 XII.
851 4350 871 4393 q.
882 4338 903 4378 2.
913 4348 933 4378 c.
943 4336 976 4378 u.
986 4335 1008 4389 ξ.
1019 4338 1040 4377 2.

1272 4412 1279 4481 i

1263 4574 1288 4747 i
