2594 4898
391 351 478 437 App.
495 352 548 419 III.
566 374 641 435 ean.
658 350 891 423 aur-xes.
1066 396 1072 405 -
1105 360 1177 427 483

103 523 151 594 0.
172 522 299 595 mv.
346 520 402 591 Da
426 523 970 713 gammuffirtgrreedytersn
996 536 1030 595 et
1051 530 1178 610 lutosa,

420 656 425 665 .
534 648 605 713 w,
710 673 720 692 .

196 760 235 830 Si
251 764 319 847 quis
333 760 505 849 presbyter
521 772 632 830 contra
648 763 765 830 laicum
780 763 835 829 vei
851 763 951 830 laicus
969 773 1082 831 conns
1093 788 1180 850 pres-

104 866 258 953 byterum
282 864 421 948 aliquam
446 865 545 932 habet
570 870 786 949 querimoniae
816 872 1082 950 controversiam,
1114 872 1181 952 epi·

107 968 210 1053 scopo
226 978 358 1056 regente
369 974 420 1049 Η)
440 972 509 1035 sine
525 988 733 1052 personarum
750 974 936 1052 acceptione
952 969 1100 1059 finiatur,
1121 971 1181 1036 lai-

108 1090 167 1138 cus
182 1068 242 1156 pei
256 1076 468 1139 iuramentum
478 1074 547 1160 ⁴⁸),
565 1074 594 1137 si
610 1094 741 1139 necesse
758 1076 812 1155 sit,
831 1076 1075 1160 constringatur,
1092 1096 1181 1157 pres·

106 1166 208 1265 Isgter'
226 1196 305 1241 vero
324 1178 395 1242 viee
416 1178 650 1261 iuramentiw)
671 1199 730 1258 per
750 1183 893 1241 sanctum
911 1180 1182 1242 consecrationem

108 1276 341 1365 interrogetur,
364 1281 439 1360 quia
455 1280 637 1344 sacerdotes
656 1301 700 1344 ex
717 1278 784 1344 levi
801 1301 899 1344 eausa
913 1282 1020 1344 iurare
1043 1300 1106 1344 non
1124 1281 1181 1344 de·

107 1378 201 1446 bont.
243 1378 375 1464 Manus,
397 1405 456 1465 per
473 1404 567 1463 quem
585 1403 697 1465 corpus
715 1391 748 1446 et
764 1383 892 1467 sanguis
911 1381 1032 1447 Christi
1054 1380 1182 1446 confici·

99 1486 181 1570 tdr,
198 1486 376 1549 iuramento
394 1505 459 1549 non
477 1484 636 1566 polluatur
649 1487 711 1567 ³⁰).
755 1483 863 1565 Absit,
887 1504 957 1549 oum
974 1483 1131 1549 Dominus
1148 1486 1182 1548 in

99 1584 281 1672 'evangelio
313 1587 474 1669 discipulis
505 1588 586 1668 suis,
621 1608 751 1667 quorum
780 1589 883 1651 vicem
912 1608 972 1652 nos
1001 1588 1122 1671 indigni
1147 1588 1182 1651 In

110 1696 227 1755 sauma
249 1691 387 1776 gerimus
414 1688 566 1769 ecclesia,
594 1688 748 1776 dicat†):
775 1689 891 1755 Nolite
916 1696 1182 1768 omnicoetum,

110 1798 161 1858 eit
180 1802 288 1858 estem
308 1812 409 1858 sermo
429 1803 553 1858 vester:
574 1802 626 1857 eet
647 1801 710 1870 eet,
733 1812 795 1856 aea
812 1813 888 1869 eom
910 1794 995 1879 quod
1010 1802 1116 1857 autera
1133 1791 1182 1856 dc‘s

112 1884 396 1962 aa'aiuadaatas
413 1904 477 1974 ert,
495 1917 517 1960 a
533 1898 616 1959 molo
633 1897 757 1980 est⁶¹).
801 1892 877 1960 Non
894 1896 992 1960 dixit:
1016 1892 1099 1976 quod
1117 1914 1182 1959 am·

111 1996 198 2081 plius
220 2005 285 2078 est,
306 1997 425 2062 maium
447 2002 512 2077 est,
535 1997 593 2061 sed
615 2019 637 2062 a
653 2000 817 2078 muleeat,
841 1998 874 2060 id
897 2006 960 2078 est,
985 2021 1005 2061 a
1021 1996 1108 2061 maio
1126 1996 1184 2060 ho·

111 2103 216 2182 mine,
243 2100 283 2165 de
309 2104 395 2165 cuius
420 2098 644 2165 incredulitate
671 2102 812 2184 cogimur
836 2100 957 2174 iurare3
982 2105 1019 2162 ut
1045 2100 1183 2162 enimin

114 2203 252 2286 quedam
265 2200 398 2267 homilia
415 2202 502 2266 beati
519 2200 627 2268 Bedae
643 2202 823 2285 presbyteri
839 2199 1020 2285 legimm”):
1039 2198 1185 2281 Sisme

112 2327 172 2373 noe
193 2313 355 2373 incautius
367 2313 501 2372 e'urasee
523 2311 713 2390 contugerit,
739 2305 824 2391 quod
842 2306 968 2369 sedicet
987 2302 1184 2368 adservatum

108 2417 253 2496 mem
273 2419 390 2495 verget
409 2417 444 2475 ia
466 2417 606 2488 exedum,
634 2406 733 2473 libere
753 2406 839 2472 illud
855 2406 1039 2472 mutandum
1060 2411 1183 2470 noueri-

112 2532 184 2578 mae
199 2510 526 2579 scammoneae.

116 2680 156 2748 C.
174 2682 286 2749 XLV·
329 2679 370 2748 se·
388 2691 457 2770 que
479 2681 559 2748 later
580 2680 727 2778 libertem
745 2681 893 2760 duxerit,
915 2682 1052 2749 ulterius
1068 2675 1185 2745 dedere
1238 2746 1250 2757 ,

405 2784 545 2866 debebit,
564 2807 634 2869 cap.
653 2784 755 2846 XXX
758 2783 858 2848 VIII.
871 2785 898 2862 v)

204 2920 242 2985 Iu
268 2920 404 2986 decretis
425 2921 532 3003 Papae
553 2920 674 2984 Leonis
700 2942 767 3001 cap.
791 2916 919 2983 XVIII.
946 2920 1096 2999 seriptum
1122 2927 1184 2981 est:

116 3023 196 3088 Nos
212 3030 309 3089 maa
325 3027 438 3089 mulier
455 3032 524 3089 viro
541 3032 653 3088 tucceta
669 3044 755 3087 uxor
772 3032 823 3086 eet
833 3029 912 3101 oei,
929 3030 1007 3107 quie
1017 3043 1076 3085 nec
1089 3028 1186 3084 omnic

107 3127 207 3208 filim
223 3126 382 3192 tereret
397 3135 513 3211 petrei.
543 3124 740 3210 Nuptiarum
757 3135 864 3189 aetem
872 3123 1018 3202 foedera
1033 3131 1120 3187 inter
1136 3126 1185 3185 ie·

115 3249 238 3316 gcasos
252 3239 329 3295 mac
346 3233 491 3315 legitima
508 3238 544 3294 et
558 3235 645 3293 ister
662 3229 822 3313 aequales.
857 3224 978 3312 Itaque
993 3225 1086 3291 ettad
1101 3244 1186 3288 seor

190 3510 218 3556 c.
235 3507 324 3554 XLIV.
359 3507 383 3568 t)
402 3508 479 3554 Cone.
489 3506 661 3567 Triburiens„
673 3506 731 3553 hab.
746 3486 805 3553 ann.
819 3505 889 3562 895.;
904 3502 972 3550 iuter
985 3501 1099 3562 capitula
1109 3501 1186 3560 vulgo

118 3575 181 3623 inuio
191 3576 303 3624 concilio
322 3576 452 3635 adscripta
469 3578 509 3622 est
526 3590 549 3622 c.
559 3578 615 3634 21.;
633 3576 666 3621 cf.
680 3575 764 3622 Bes'tr.
778 3588 802 3632 p.
817 3574 858 3621 21.
873 3572 1061 3632 seqq.,p.1et.
1074 3583 1187 3629 seqq.—

119 3644 214 3692 Iiureir.
222 3646 253 3693 11.
264 3646 335 3704 182,
344 3646 421 3717 Decr.
432 3646 472 3693 v1.
482 3641 611 3708 22¹1.(B.),
624 3643 686 3692 Pon.
696 3645 726 3688 V.
737 3640 857 3702 1⁰.(1).),
871 3641 899 3689 C.
908 3643 939 3687 11.
953 3654 976 3699 q.
987 3641 1010 3687 5.
1020 3653 1041 3688 e.
1051 3641 1076 3688 4.
1084 3665 1120 3676 —
1128 3640 1187 3686 Sev.

119 3712 166 3761 u·
175 3714 277 3841 13⁸0st
286 3782 347 3841 Reg.
357 3783 385 3830 L.
395 3782 425 3829 11.
436 3795 458 3828 c.
468 3782 526 3828 32⁰.
612 3798 616 3805 ·
911 3802 913 3813 ·

190 3851 218 3898 G.
236 3849 314 3898 XLV.
349 3850 376 3909 v)
395 3850 456 3898 ibid.
467 3863 488 3895 e.
499 3851 539 3898 38.
549 3875 584 3885 —
592 3849 632 3895 Cf.
644 3848 704 3907 Reg.
714 3848 742 3895 Ii.
752 3844 783 3894 II.
794 3861 815 3894 c.
826 3847 884 3893 181.

249 3962 279 4018 †)
292 3961 382 4005 Mutela.
397 3976 416 4005 c.
431 3965 451 4007 5.
465 3974 487 4003 v.
501 3965 534 4004 34.

165 4069 200 4129 G.
221 4066 325 4128 xntv.
348 4072 401 4147 17)
415 4070 632 4147 praeminente.-
678 4068 753 4146 orig.
774 4066 847 4125 eon.
867 4068 929 4127 citt.
974 4070 1026 4136 51)
1052 4082 1123 4142 quae
1142 4081 1188 4121 se-

122 4151 202 4216 Gott.
221 4155 284 4215 citt.
307 4160 360 4228 ts)
376 4158 632 4233 praetereumtes
678 4163 814 4232 quantur,
842 4150 946 4210 desunt
966 4151 995 4208 in
1015 4148 1086 4209 cot.
1112 4148 1187 4218 citt,

123 4242 199 4320 orig.
228 4240 283 4318 49)
297 4242 552 4319 preez‘urcmenti:
563 4238 633 4298 ibid.
679 4249 802 4319 excepto
822 4236 887 4294 Ssv.

123 4331 180 4400 50)
197 4327 371 4404 polluetur?
400 4331 493 4398 (ncnc
520 4323 633 4400 decem:
