2594 4898
406 365 486 446 Cap.
508 363 767 427 Lxx-Lxxv.
1053 375 1125 438 215

52 533 179 596 uiderer
201 550 369 615 paronam
388 540 558 616 pauperat,
588 555 648 598 nee
673 535 807 600 donam
829 539 951 600 vultum
972 548 1125 622 potentia

52 634 99 695 Et
116 642 190 712 post
202 633 363 719 pauca†):
381 634 450 713 Itu,
468 637 580 714 iuquit,
594 656 729 719 pomum
742 639 896 718 audieris,
914 650 951 705 ut
964 663 1126 726 maguum

53 755 115 799 nec
134 742 301 819 accipietis
318 744 500 822 cuteccquam
511 758 694 821 perronam,
718 748 794 825 quic
812 740 881 804 Dei
896 743 1047 807 iudicium
1065 754 1123 808 ert.

54 836 179 900 Idcirco
196 846 329 919 uterque
348 861 457 901 eorum
472 841 505 900 in
524 838 740 902 huiuscemodi
758 845 894 905 criminis
912 848 1124 925 accusatione,

55 939 85 1000 ai
103 941 286 1024 negaverit,
304 942 373 1021 pari
390 940 508 1003 iudicio
528 943 727 1004 examinetur
742 943 824 1025 151).

334 1107 372 1172 C.
389 1107 553 1173 LXXIV.
599 1109 654 1179 De
671 1111 779 1175 eudem
796 1134 841 1176 re.
1133 1131 1165 1174 ro

120 1243 178 1307 Ex
198 1241 476 1325 Capitularium
493 1244 576 1308 Lib.
595 1243 679 1325 HL,
698 1269 773 1326 cap.
792 1247 1005 1312 LXXXIX
1019 1246 1059 1332 f).

140 1363 186 1426 Ut
201 1360 373 1427 homicidia
389 1365 474 1427 iufra
490 1366 641 1444 patriam,
660 1368 742 1429 sicut
757 1369 792 1429 in
803 1364 875 1449 laga
883 1363 1015 1431 Domini
1027 1370 1124 1432 inter·

56 1465 174 1526 dictum
197 1473 260 1543 est,
283 1486 342 1528 nec
365 1487 461 1529 causa
482 1463 629 1544 ultioniS,
653 1488 711 1530 nec
730 1470 899 1547 avaritiae,
918 1491 976 1532 nec
994 1468 1123 1533 latroci-

56 1566 154 1627 nandi
168 1567 237 1649 ¹⁵⁸)
261 1563 350 1629 fiant.
393 1567 447 1646 Et,
464 1567 641 1647 ubicunque
658 1569 867 1656 inventi159)
884 1571 1016 1651 fuerint,
1040 1595 1059 1634 a
1076 1574 1124 1635 iu·

56 1666 177 1729 dicibus
200 1670 315 1731 nostris
337 1670 508 1733 secundnm
529 1669 633 1754 legem
655 1692 699 1733 ex
721 1678 830 1733 nostro
854 1672 1002 1735 mandato
1022 1670 1123 1737 vindi-

56 1776 183 1848 centur,
202 1776 235 1832 et
251 1791 314 1833 non
332 1770 496 1834 occidatur
513 1770 625 1850 bomo,
643 1773 705 1834 nisi
722 1769 793 1856 iege
810 1773 951 1837 iubente.

346 1936 384 2002 C.
402 1937 546 2004 LXXV.
590 1939 644 2004 Dc
661 1941 770 2006 eodem
785 1962 833 2006 rc.

376 2096 380 2102 ·
456 2074 514 2139 Ex
536 2076 720 2159 eodemss).

143 2188 344 2273 Quicunque,
370 2196 498 2275 propria
517 2216 622 2257 uxore
644 2193 812 2272 derelicta,
838 2192 889 2257 vel
913 2191 1030 2274 absque
1050 2194 1123 2279 lego

55 2297 124 2358 sine
152 2317 248 2358 causa
274 2303 308 2358 et
330 2304 416 2359 certa
437 2296 624 2377 probatione
639 2297 709 2378 ¹⁶⁰)
731 2295 914 2375 interfecta,
941 2294 1037 2359 aliam
1050 2299 1122 2380 111)

56 2397 184 2459 duxerit
193 2418 340 2475 uxorem,
350 2399 446 2460 anuis
456 2397 619 2476 depositio,
629 2392 785 2474 publicam
799 2403 873 2479 agat
885 2398 1123 2477 poenitentiam,

57 2505 106 2576 et,
125 2500 153 2560 si
171 2506 343 2562 contumax
359 2498 470 2578 fuerit,
490 2496 774 2576 comprehendatur
787 2494 810 2559 'a
834 2499 963 2574 comite,
983 2506 1016 2560 et
1036 2497 1122 2571 ferro

56 2599 229 2679 vinciatur,
251 2608 284 2662 ot
305 2601 338 2662 in
361 2601 536 2664 custodiam
554 2601 711 2681 mittatur,
735 2598 834 2662 donec
851 2621 904 2661 reu
923 2599 962 2660 ad
981 2605 1124 2662 nostram

58 2703 203 2764 notitiam
220 2702 391 2765 deducatur
404 2704 489 2784 ¹⁶²).

88 2978 153 3104 663⁸
171 2977 286 3024 LXXIV.
305 2975 333 3042 f)
350 2972 635 3039 Anreg.0npit.1..lli.
651 2988 673 3026 c.
684 2977 725 3025 31.
743 2974 969 3039 (capaciorem.
984 2972 1123 3027 11111183.

58 3057 79 3092 0·

127 3114 154 3158 c.
171 3113 275 3161 LXXV.
310 3113 339 3173 g)
356 3115 439 3174 capit.
453 3115 581 3162 Wormot.
595 3114 712 3174 prolege
726 3112 833 3161 hobend.
848 3126 908 3161 ann.
923 3113 993 3170 829,
1008 3126 1030 3158 c.
1040 3115 1064 3159 3.
1078 3110 1124 3174 (ci.

58 3180 141 3226 Pertz.
153 3178 268 3228 Monuin.
280 3182 311 3227 T.
326 3184 368 3230 111.
378 3197 402 3241 p.
417 3183 474 3229 333.
492 3186 546 3231 not.
560 3183 612 3242 o)).
634 3183 689 3229 Lib.
699 3183 729 3226 11.
738 3182 816 3241 Legg.
825 3181 938 3238 Longob.
953 3181 1042 3227 11113.
1061 3193 1083 3225 c.
1094 3182 1124 3236 ὃς

59 3248 150 3295 Bencd.
160 3249 243 3307 Capit.
252 3250 280 3298 1..
290 3252 309 3295 Ι.
321 3264 343 3297 c.
353 3252 411 3297 303.
418 3276 449 3286 -
460 3250 552 3298 Burch.
563 3253 603 3299 Vl.
613 3251 654 3297 31.
664 3250 725 3312 tib),
735 3249 811 3295 Dect.
821 3248 855 3294 X.
865 3250 923 3293 166.
933 3247 994 3304 (Β),
1005 3248 1032 3291 G.
1038 3245 1123 3292 XXX.

59 3330 98 3373 qu.
115 3318 138 3361 2.
152 3331 175 3364 c.
190 3320 214 3363 ’1.
228 3317 296 3379 (1).);
313 3317 359 3364 Ex
372 3319 467 3367 decret.
477 3319 527 3366 Pit.
542 3320 634 3365 Burch.
650 3330 697 3363 ruo
711 3330 782 3362 more
792 3315 885 3373 capitia
894 3313 1087 3372 inrcriptionem
1097 3313 1125 3358 et

58 3387 136 3429 verba
153 3385 275 3443 mutavit,
294 3389 323 3432 ut
340 3387 445 3443 quaevis
462 3387 529 3446 legia
546 3387 690 3432 mundanae
708 3384 857 3430 deterantur
873 3381 989 3440 vertigiue.
999 3404 1029 3415 -
1046 3381 1122 3425 Dect.

58 3451 122 3496 vllt.
131 3453 203 3500 241.:
221 3452 267 3498 Ex
277 3453 362 3516 Capit.
372 3453 444 3502 mor.
456 3449 486 3502 V.
496 3470 518 3501 a.
528 3456 598 3513 30⁰,
608 3452 720 3513 genuino
728 3451 833 3497 exhibet
843 3451 927 3496 verba.

185 3579 215 3636 †)
227 3580 298 3624 aaut.
311 3595 332 3625 c.
346 3585 365 3626 1.
379 3595 402 3624 o.
416 3584 450 3625 t't.
560 3600 565 3607 ·

100 3704 134 3762 C.
162 3702 294 3764 Lxxltt.
328 3709 406 3778 157)
438 3707 467 3764 iu
495 3705 569 3763 con.
611 3707 676 3764 cmc
707 3724 732 3762 c.
766 3724 791 3762 e.
825 3723 851 3760 c.
872 3722 907 3779 p.
939 3694 1126 3778 eittersecerit

60 3790 118 3847 citt.
139 3788 279 3867 quaedam
297 3798 464 3871 sequnntur.
615 3791 778 3867 altamque:
799 3787 873 3845 con.
883 3787 945 3845 citt.
970 3790 1042 3857 162)
1054 3805 1125 3845 con·

100 3872 273 3933 cmxxiv.
296 3878 371 3951 158)
386 3878 570 3935 Ioboceiron-
615 3885 716 3933 tumne
732 3871 832 3951 fuer„
860 3882 891 3931 ct
913 3873 1049 3949 episcopo
1071 3888 1124 3928 suo

10 3995 19 4009 -
60 3959 117 4018 da.-
136 3960 214 4036 orig.
252 3965 325 4031 159)
345 3963 483 4021 inuento:
501 3961 540 4020 ib.
615 3959 788 4019 mobediens
810 3960 973 4028 exactent,
1001 3955 1125 4014 onothe-

10 4081 20 4113 2
100 4043 133 4103 G.
153 4043 271 4104 LXXV.
301 4051 373 4115 160)
397 4047 448 4105 cel
463 4045 571 4124 ubsque
615 4048 794 4113 mutzuetur,
828 4062 976 4121 quousque
1003 4057 1126 4098 comca-

10 4146 28 4223 μ·
60 4129 141 4206 lega,
171 4139 204 4189 et
218 4139 304 4191 certo
316 4131 428 4208 prob:
454 4129 517 4190 dea.
535 4129 571 4191 ab
616 4133 680 4188 tiat.
711 4131 824 4188 Eadem
847 4129 898 4187 lec
914 4128 975 4185 crit
991 4126 1051 4193 illi,
1075 4125 1128 4198 qui

10 4247 28 4291 ¹
60 4215 132 4290 orig.
190 4218 268 4286 161)
304 4218 475 4293 Quicunque
497 4236 571 4293 pro·
613 4216 759 4273 seniorem
798 4232 879 4270 suum
920 4205 1123 4284 tbtcrsccerits

57 4301 155 4372 pn'um
174 4319 297 4359 uxorem
315 4301 425 4379 absque
443 4302 510 4379 lega
524 4302 575 4361 ccl
615 4297 698 4359 ared.

853 4395 913 4453 16*
