2594 4898
370 365 452 447 App.
472 363 522 425 ill.
541 381 614 445 cap.
631 362 891 453 XXIV-XXIX.
1093 369 1165 432 too

92 545 148 603 est
165 539 248 616 ἰιιιιι,
263 540 300 597 ut
316 531 433 614 placite
451 534 589 596 omnium
606 519 803 612 nostratim,
820 552 901 612 quas
918 532 958 596 sd
975 554 1164 600 consensum

88 649 237 705 vestrum
260 643 335 699 sunt
357 637 486 715 scripta,
508 644 615 698 vestra
632 657 754 715 qnoque
770 634 1001 715 subscriptione
1018 633 1162 700 firmetis.
1272 642 1274 644 ’

89 738 249 807 Universi
268 734 431 801 dixerunt.
454 732 496 798 Et
515 738 712 799 consensisse
734 758 808 815 nos,
833 733 958 798 concilii
976 735 1068 800 buius
1086 741 1164 802 scri-

90 851 151 923 pta
167 847 342 917 testantur,
366 845 399 900 et
421 837 649 916 subscriptione
672 845 781 901 nostra
798 859 969 901 consensus
988 826 1164 903 declarabi-

90 955 163 1023 tur,
183 950 217 1007 et
234 939 516 1019 subscripserunt
573 1016 576 1020 Α

141 1109 181 1175 C.
200 1107 345 1175 XXVII.
388 1105 448 1172 En
469 1105 608 1172 Concilio
628 1106 887 1193 Carthaginensi,
906 1130 976 1195 cnp.
1002 1106 1080 1175 VII.
1094 1107 1121 1196 l¹)

184 1243 281 1310 Felix
299 1246 462 1325 episcopus
481 1241 741 1308 selemselitanus
759 1244 856 1308 dixit:
879 1243 962 1308 Illud
984 1255 1088 1310 antem
1110 1269 1165 1311 ve·

95 1358 185 1414 strae
207 1366 341 1430 suggero
363 1344 540 1424 sanctitati,
562 1352 598 1409 ut
616 1345 663 1426 hi,
687 1347 740 1427 qui
760 1367 817 1426 pro
839 1347 1033 1412 facinoribus
1054 1349 1094 1412 de
1112 1334 1167 1413 ecss

98 1450 199 1516 clesia
215 1445 388 1529 pelluntur,
407 1455 440 1510 et
456 1446 525 1509 ausi
542 1445 673 1525 fuerint,
692 1455 747 1511 aut
765 1448 805 1511 ad
824 1450 1006 1512 comitatum
1023 1456 1165 1534 pergere,

99 1561 157 1617 aut
183 1551 224 1614 ad
250 1544 372 1612 iudicia
390 1547 514 1629 publica
540 1547 700 1628 prosilire,
728 1559 783 1613 aut
802 1551 831 1612 si
853 1550 988 1614 forsitnu
1011 1551 1165 1616 ecclesiae

99 1651 278 1718 catholicae
295 1649 405 1714 limina
418 1652 468 1734 ³⁴)
488 1658 645 1713 attentare
664 1651 828 1731 episcopus
845 1650 897 1714 vel
915 1649 1045 1715 clericus
1063 1656 1167 1717 cuius·

99 1750 180 1819 libet
209 1751 324 1834 plebis,
355 1746 397 1827 de
421 1750 469 1815 bis
505 1748 577 1831 quid
613 1750 766 1815 censetisl
797 1752 970 1837 Epigonius
1002 1757 1165 1835 episcopos
1218 1794 1221 1798 -

98 1852 297 1920 Bullensium
315 1854 477 1938 regionum
497 1854 589 1916 dixit:
608 1853 644 1916 si
658 1854 724 1933 quis
738 1854 900 1935 episcopus
915 1858 1167 1927 communionem

99 1966 213 2023 tenens
236 1954 436 2036 catholicam,
460 1954 638 2017 huiusmodi
655 1953 816 2019 bominem
834 1957 924 2020 vanis
944 1954 1166 2022 blandimentis

98 2046 293 2137 incenderit,
320 2058 399 2120 sciat
423 2079 458 2120 se
485 2078 554 2119 cum
576 2056 688 2118 iisdem
713 2056 837 2119 reiectis
864 2079 934 2120 esse
961 2058 1168 2138 depravatum

98 2163 258 2226 transiens
276 2161 309 2221 in
327 2180 435 2222 eorum
454 2159 654 2220 consortium.
699 2154 867 2219 Geneclius
885 2159 1050 2238 episcopus
1068 2160 1165 2224 dixit:

100 2264 189 2348 Ergo
207 2271 294 2326 recte
311 2268 484 2344 suggerunt
499 2260 615 2322 fratres
630 2272 663 2334 ct
676 2261 853 2339 coepiscopi
866 2261 979 2338 nostri,
996 2259 1094 2346 ut†),
1113 2262 1168 2340 qui

100 2367 217 2430 merito
238 2364 415 2426 facinorum
437 2382 563 2424 suorum
586 2360 626 2424 ab
645 2358 780 2424 ecclesia
797 2358 878 2441 pulsi
895 2363 1035 2439 sunt,„si
1052 2360 1093 2424 eb
1110 2360 1168 2424 ali·

102 2489 164 2548 quo
184 2465 329 2546 episcopo
343 2462 399 2527 vel
414 2461 527 2526 clerico
542 2462 661 2525 fuerint
673 2464 891 2525 communione
905 2464 1052 2561 suscepti,
1072 2466 1168 2529 etiam

100 2569 165 2649 ipsi
181 2588 272 2647 pares
290 2587 362 2628 cum
379 2565 498 2647 eisdem
510 2563 560 2647 ³⁵)
580 2571 748 2628 teneantur
765 2562 907 2658 obnoxii.
942 2560 995 2627 Ab
1012 2565 1169 2665 universis

104 2672 229 2735 dictum
241 2675 302 2730 ost:
321 2642 476 2730 Omnibus
493 2665 608 2746 placet.

134 2835 172 2902 C.
190 2834 357 2900 XXVIII.
400 2830 459 2899 En
481 2832 604 2898 Concil'
577 2836 622 2899 bo
640 2796 903 2918 Carthaginensi,
922 2855 990 2919 cop.
1009 2833 1105 2902 XVI.
1118 2839 1147 2916 ⁸)

190 2970 238 3038 Ut
255 2973 417 3052 episcopus
434 2969 533 3033 libros
551 2968 715 3054 gentilium
734 2990 798 3034 uon
815 2967 917 3079 legat,
940 2969 1171 3037 haereticorum

105 3050 213 3197 autern
230 3095 287 3154 pro
305 3074 494 3136 necessitate
513 3080 546 3136 et
562 3081 714 3153 tempore.

135 3243 172 3309 C.
191 3240 325 3308 XXIX.
369 3238 428 3306 Ειι
449 3239 588 3305 Concilio
608 3238 870 3324 Carthaginensi,
888 3258 961 3323 cap.
975 3238 1104 3303 XXVI.
1118 3239 1144 3324 l)

195 3379 391 3443 Studendum
418 3386 467 3442 est
492 3379 658 3458 episcopo,
689 3385 724 3439 ut
752 3375 937 3439 dissidentes
963 3376 1077 3439 babes
1104 3377 1172 3440 sive
1212 3392 1213 3400 ’

109 3479 244 3547 clericos
270 3483 339 3544 sive
362 3477 465 3544 laicos
490 3479 532 3542 ed
556 3500 668 3560 pacem
692 3480 809 3564 magis,
841 3498 933 3557 quarn
959 3477 1001 3540 ad
1024 3478 1173 3541 iudicium

111 3583 304 3647 cohortetur.

181 3806 209 3853 c.
227 3761 332 3854 XXVII.
368 3803 396 3870 b)
416 3808 493 3855 Cone.
504 3805 590 3854 Carth.
600 3806 643 3865 11.‚
653 3803 710 3854 hab.
721 3818 780 3852 nnn.
790 3805 859 3864 39⁰„
871 3819 894 3853 c.
904 3804 928 3852 7.

180 3877 208 3923 c.
226 3874 344 3922 xxvnl.
379 3875 405 3934 c)
423 3877 529 3922 Statuit.
547 3876 610 3921 eccl.
628 3879 681 3921 ent.
700 3888 722 3922 c.
739 3877 762 3920 5.
781 3875 870 3932 (conc.
881 3872 968 3920 Carth.
976 3873 1018 3922 IV.
1032 3888 1055 3923 c.
1069 3874 1132 3934 im).
1146 3898 1176 3909 -

113 3942 207 3991 suren.
221 3945 239 3988 1.
252 3945 294 3991 ιι.
309 3941 445 4002 (nenas,
464 3941 927 4001 Decr.tv.16o,v.197.(B.),Pnn.
943 3943 972 3989 ιι.
986 3943 1044 3992 ιιι.
1058 3945 1101 4004 (ιι.
1112 3941 1175 4003 ιν.),

112 4012 178 4058 nist.
187 4011 319 4057 XXXVII.
329 4025 351 4057 c.
362 4013 386 4059 1.
398 4037 428 4045 —
440 4011 504 4058 Goll.
514 4013 574 4058 Αιιι.
585 4011 639 4059 ded.
650 4012 679 4055 II.
690 4011 759 4059 210.:
770 4009 815 4056 Ει
826 4009 900 4056 Cone.
911 4024 952 4070 ιφ.
965 4010 991 4056 V
989 4012 1068 4059 alent.

182 4078 210 4126 t).
227 4076 326 4159 XXIX.
360 4077 445 4138 11.)ss
456 4078 635 4138 eduegffluu
645 4092 667 4126 c.
678 4079 748 4138 385,
758 4081 811 4128 not.
822 4078 857 4140 s)

243 4189 509 4247 †)0f¹²1'⁰1¹⁰1¹n¹·⁶··⁹

156 4299 190 4357 C.
209 4296 332 4357 XXVII.
350 4299 549 4375 34)Ιιιιιιιίια.·
566 4296 671 4357 licon.
702 4301 754 4370 35)
771 4299 886 4384 peric.
903 4315 928 4355 c.
943 4294 1083 4355 minian:
1093 4292 1173 4372 liisp.
