2594 4898
126 819 176 865 200

126 1603 174 1647 ael

187 348 257 410 lau
470 337 636 438 nuel—No
655 334 782 398 LlBllll
805 334 977 401 PRIMUS.
1043 351 1050 369 ⁸

185 518 302 580 crimen
330 519 393 590 est,
421 511 503 591 quud
525 510 705 572 universam
727 504 896 570 eeclesiam
923 505 1155 587 commoverit,
1183 511 1255 569 ante

186 617 329 680 absidam
345 607 456 677 manus
475 614 505 675 ei
522 614 708 690 imponatur.

451 780 488 845 C.
509 778 688 844 CCXCIV.
734 779 788 845 De
810 780 918 844 eudem
939 802 986 845 re.

406 919 468 982 Ex
504 916 707 980 Concilio
741 915 1021 1001 Agatbensi0)

270 1041 475 1103 Pnenitentes
493 1045 648 1117 tempore,
669 1057 728 1116 quo
746 1038 971 1115 poenitentiam
983 1043 1107 1117 petunt,
1125 1039 1248 1118 imposi-

186 1147 306 1207 tionem
323 1163 472 1204 manuum
491 1148 524 1203 et
541 1139 678 1203 cilicium
695 1160 789 1218 super
807 1141 911 1218 capita
928 1162 947 1202 a
964 1139 1148 1219 sacerdote,
1172 1142 1249 1203 sicut

184 1246 363 1325 ubicunque
380 1244 582 1307 constitutum
599 1248 663 1319 est,
682 1249 923 1321 consequantur.
968 1242 1004 1304 Si
1021 1252 1129 1305 autem
1145 1263 1248 1305 cumas

185 1368 248 1410 non
285 1348 488 1427 deposuerint
521 1352 577 1408 aut
609 1344 799 1406 vestimenta
834 1365 898 1406 non
932 1346 1140 1423 mutaverint,
1176 1343 1248 1407 abii·

185 1452 319 1513 ciantur.

412 1564 450 1629 C.
471 1563 634 1630 CCXCV.
677 1565 762 1630 Item
778 1567 863 1630 unde
879 1567 1024 1651 rupruP).

270 1701 308 1765 In
326 1703 429 1781 eapite
448 1701 706 1785 quadragesimae
724 1723 833 1765 omnes
849 1705 1061 1782 poenitentes,
1081 1705 1135 1783 qui
1152 1701 1248 1782 publi·

187 1826 255 1868 cam
273 1806 446 1883 suscipiunt
464 1810 518 1865 aut
536 1809 742 1887 susceperunt
758 1806 998 1884 poenitentiam,
1017 1805 1192 1867 anteferes
1203 1826 1248 1867 ec·

186 1905 303 1970 elesiae
321 1928 357 1968 se
375 1912 613 1985 repraesentent
630 1906 777 1985 episcopo
797 1907 934 1969 civitatis
952 1928 1045 1969 sacco
1062 1906 1178 1987 induti,
1197 1929 1248 1970 nu·

185 2009 233 2071 dis
250 2007 392 2088 pedibus,
411 2006 548 2070 vultibus
566 2010 598 2070 in
616 2016 734 2071 terram
749 2010 930 2088 prostratis,
948 2030 1021 2071 rens
1039 2030 1074 2072 se
1093 2030 1167 2072 esse
1183 2011 1248 2088 ipsc

184 2109 295 2173 habitu
312 2118 345 2173 et
361 2107 450 2172 vultu
466 2108 716 2189 proclamantes,
738 2108 794 2172 ubi
811 2110 924 2175 adesse
943 2109 1060 2173 debent
1077 2112 1203 2189 decani,
1219 2108 1249 2172 id

185 2219 254 2292 est,
291 2211 559 2293 archipresbyteri
584 2211 825 2302 parochiarum,
858 2234 929 2275 cum
954 2211 1088 2275 testibus
1103 2212 1193 2296 ⁵³⁶),
1220 2211 1249 2274 id

184 2322 247 2393 est,
270 2315 463 2396 presbyteris
476 2311 549 2400 ⁵³⁷)
572 2316 815 2394 poenitentium,
840 2316 891 2394 qui
908 2336 1018 2377 eorum
1036 2316 1249 2378 conversatio·

183 2437 257 2479 uem
275 2415 443 2499 diligenter
459 2418 614 2495 inspicere
633 2416 759 2478 debent.
795 2416 838 2478 Et
854 2417 1023 2479 secundum
1041 2414 1248 2497 mudumcul·

182 2540 242 2598 pae
259 2520 488 2597 poenitentiam
510 2540 566 2599 per
582 2516 746 2596 praefixos
763 2519 880 2602 gradus
897 2520 1054 2601 iniungat3
1081 2527 1155 2597 pust
1172 2518 1248 2582 haee

182 2622 216 2682 in
245 2619 412 2682 ecclesiam
439 2641 494 2682 eos
521 2619 719 2698 introducat,
748 2628 780 2682 et
807 2642 877 2682 cum
905 2622 989 2682 omni
1016 2618 1103 2682 clero
1130 2628 1247 2701 septem

181 2724 399 2802 poenitentiae
417 2720 553 2800 psalmos
570 2722 602 2782 iu
622 2727 738 2784 terrum
756 2730 932 2801 prostratus
946 2743 1017 2784 cum
1028 2719 1182 2803 lacrymis
1194 2741 1247 2802 pru

183 2843 293 2883 eorum
320 2821 519 2884 absolutione
546 2807 704 2886 decantet.
750 2822 843 2887 Tunc
856 2810 927 2907 5138)
955 2845 1085 2907 surgens
1113 2823 1154 2885 nb
1177 2846 1246 2887 uru-

182 2924 289 3001 tiune,
325 2925 414 2985 iuxta
445 2923 528 3003 quod
555 2946 691 2988 canones
717 2924 847 3005 iubent,
882 2947 994 2989 manus
1022 2927 1068 2988 eis
1095 2927 1247 3005 imponat,

183 3045 295 3104 aquam
323 3023 519 3088 benedictam
552 3034 774 3110 superspargat
787 3029 857 3110 539)
895 3029 1033 3090 cinerem
1062 3028 1150 3107 prius
1178 3029 1247 3090 mit·

181 3132 249 3203 tat,
277 3127 391 3189 deinde
417 3126 519 3190 cilicie
545 3131 648 3208 capita
675 3149 784 3192 eorum
810 3132 972 3208 cooperiat
993 3137 1025 3191 et
1043 3149 1115 3192 cum
1130 3133 1248 3212 gemitu

251 3318 278 3366 c.
297 3317 425 3366 CCXCIV.
465 3315 493 3381 o)
503 3321 566 3368 Hah.
577 3333 635 3368 anu.
646 3322 713 3380 506,
733 3334 755 3368 c.
774 3322 815 3369 15.
832 3347 868 3357 —
898 3320 962 3368 coll.
976 3318 1087 3368 uacum.
1099 3322 1140 3366 10.
1150 3319 1247 3380 (lunc),

180 3388 242 3433 Ans.
255 3385 310 3434 ded.
324 3388 377 3434 Vll.
392 3389 450 3437 119.
470 3415 499 3423 -
519 3388 611 3437 uurch.
624 3390 695 3437 XIX.
711 3390 751 3437 21.
765 3385 827 3453 (m),
845 3390 922 3436 Dect.
937 3389 994 3437 XV.
1009 3390 1049 3436 17.
1060 3388 1126 3450 (B.),
1144 3389 1212 3437 nist.
1221 3390 1247 3436 L.

181 3467 205 3500 c.
225 3455 266 3503 63.

249 3524 277 3575 c,
304 3524 422 3570 ccxcv.
466 3523 498 3582 p)
517 3524 605 3571 Cenon
625 3528 665 3574 11.
688 3526 880 3586 poenitentialis
903 3523 1032 3573 Theodori
1058 3522 1248 3585 archiepiscopi

181 3590 303 3638 cantuar.
314 3591 401 3650 (Petit.
402 3593 426 3645 J.
436 3588 525 3650 p.21.).
534 3616 570 3625 -
585 3594 703 3641 Merinus
713 3594 756 3654 (de
765 3596 863 3643 Pnenit.
873 3596 914 3642 lv.
925 3595 966 3641 18.
977 3590 1002 3657 §.
1012 3591 1066 3650 20.)
1076 3591 1177 3639 invenit
1185 3606 1248 3641 euu-

180 3657 281 3706 demin
299 3659 405 3716 antiquo
420 3659 514 3705 codice
533 3660 664 3720 Remenri,
684 3662 727 3719 qui
745 3663 837 3711 librum
857 3662 1005 3710 continebat
1027 3660 1248 3720 poenitentialem,

179 3724 291 3772 lomere
300 3726 381 3784 ipsius
391 3725 532 3781 Theodori,
547 3728 589 3773 dlu
600 3728 649 3774 ism
660 3731 817 3791 quaesitum,
827 3746 857 3778 ac
867 3730 978 3777 nondum
990 3729 1094 3775 editum.
1102 3752 1138 3763 -
1156 3729 1248 3776 Burch.

178 3793 251 3842 XIX.
260 3795 302 3840 20.
314 3793 381 3853 (R),
399 3793 475 3840 Dect.
484 3793 541 3842 XV.
551 3796 592 3843 45.
603 3791 664 3858 (8.),
681 3797 748 3846 bist.
762 3801 790 3848 L.
801 3814 822 3847 c.
833 3801 873 3844 64.
883 3798 951 3858 (b.):
971 3797 1016 3843 Ee·
1027 3797 1122 3842 Concu.
1133 3794 1229 3859 Agalla.
1235 3809 1246 3856 ,·

179 3861 254 3907 cuiun
272 3860 355 3907 falsae
373 3860 548 3921 inscriptionis
564 3864 632 3922 apud
644 3865 818 3915 Buscherdum
833 3871 883 3919 etc.
906 3867 965 3917 four
974 3864 1038 3913 illud
1048 3869 1087 3911 est
1096 3865 1248 3925 Reginunir:

178 3928 245 3973 Iecur
255 3927 320 3974 unde
329 3940 418 3987 supra.

222 4042 255 4102 C·
279 4042 417 4102 CCXCV·
445 4049 519 4118 536)
531 4058 691 4110 cunctere:
734 4051 825 4112 Paris.
858 4063 985 4112 nostram
1013 4050 1172 4111 lectionem
1197 4068 1248 4111 er·

179 4126 242 4187 des.
287 4126 407 4208 Guelpb.
453 4129 558 4191 Vieuu.
614 4137 688 4205 537)
733 4135 813 4211 bib).
850 4143 1024 4216 blllllsuper
1042 4144 1247 4216 conspergat:

175 4213 369 4293 presbytcri:
404 4212 473 4274 ibid.
498 4214 559 4275 Bal.
613 4223 686 4292 538)
734 4219 809 4283 llild.
834 4221 896 4284 Bu.

183 4301 252 4361 Tum
279 4318 478 4379 consurgene:
512 4300 574 4362 Bal.
603 4302 687 4376 (Cod.
