2594 4898
179 343 252 411 23⁴
316 380 320 387 ·
422 339 589 403 REGIND
610 338 743 401 LIBER
765 338 1008 419 SECUNDUS.

121 523 170 577 los
498 507 536 574 C.
557 506 644 574 CIV.
688 507 743 575 Dc
760 509 869 610 ecdem
883 531 932 574 re.

180 646 238 710 Ex
256 646 369 709 dietis
382 644 586 730 Augustini
603 645 647 708 de
664 664 839 710 sermone
852 643 1006 711 Domini
1024 647 1063 710 in
1080 647 1242 737 monto¹).

264 756 438 846 Apostolus
461 763 579 827 Paulus
602 764 679 829 dicit
687 764 745 849 †):
767 763 845 843 Hes,
867 771 925 850 qui
942 774 1020 830 sunt
1039 771 1076 830 in
1093 776 1243 852 molegio,

178 875 358 952 praccipio,
376 887 439 930 nors
456 887 525 951 ego,
542 866 602 931 sed
613 865 929 944 Dorrmusffsorcm
945 889 967 930 a
984 874 1056 932 osso
1071 889 1139 933 nou
1156 873 1245 935 ducc-

182 971 267 1034 dere.
315 968 407 1043 onoc
425 976 457 1032 ss·
477 969 672 1045 discesserit,
694 987 822 1031 manere
843 974 1010 1052 innuptam
1033 981 1094 1036 ant
1112 980 1183 1037 os'ro
1197 993 1246 1037 suo

181 1074 393 1141 reconciliari.
437 1070 549 1133 Potest
571 1071 655 1133 enim
675 1067 761 1148 fieri,
784 1079 819 1132 nt
837 1070 979 1133 discedat
997 1093 1037 1133 eu
1056 1094 1172 1154 ceusu,
1194 1096 1246 1154 quo

182 1173 338 1237 Dominus
356 1174 508 1252 permisit.
551 1170 634 1248 Aut,
661 1173 689 1233 si
714 1171 852 1233 feminae
869 1168 944 1234 licet
967 1173 1068 1236 virum
1093 1175 1246 1240 dimittere

183 1278 279 1340 etiam
300 1277 508 1355 praeter²²⁶)
531 1286 657 1335 oausam
682 1272 915 1353 fornicationis,
943 1273 1017 1353 quid
1042 1277 1247 1356 respondebi-

181 1400 250 1441 mus
270 1378 310 1440 de
328 1376 401 1455 hoc,
420 1375 502 1455 quod
522 1375 782 1461 dioitlposterius:
802 1384 837 1440 ct
851 1382 901 1439 vir
917 1395 1051 1439 exorem
1064 1397 1131 1440 non
1149 1380 1248 1444 demst-

183 1484 255 1544 tat?
273 1476 389 1553 -Quure
407 1499 471 1540 non
490 1477 623 1539 addidit:
652 1485 791 1559 excepto
804 1478 876 1561 221)
896 1479 1247 1559 causcforne'cate'oos's,

182 1582 264 1663 quod
281 1578 438 1642 Dominus
455 1580 621 1659 permittit,
641 1580 705 1640 nisi
720 1580 792 1659 quia
809 1577 943 1643 similem
961 1580 1101 1645 formam
1119 1581 1189 1647 vult
1204 1585 1248 1646 in·

182 1680 456 1765 tellig1228),ut,
479 1681 507 1742 si
529 1679 697 1759 dimiserit,
716 1680 799 1760 quod
822 1703 916 1746 causa
938 1682 1161 1748 fornicationis
1183 1706 1247 1765 per·

183 1786 331 1861 mittitur,
359 1788 488 1846 maneat
513 1783 582 1846 sine
604 1804 708 1846 uxore
731 1790 785 1845 unt
806 1780 1030 1848 reconcilietur
1051 1787 1162 1848 uxori.
1205 1782 1249 1868 Et

178 1894 254 1970 post
274 1905 400 1968 possea:
428 1870 586 1947 Dominus
612 1891 716 1975 nutem
743 1887 885 1965 pennisit
910 1907 1006 1949 causa
1030 1885 1246 1952 fornicationis

184 2008 318 2050 uxorem
337 1987 465 2064 dimitti,
485 1986 541 2048 sed
560 1989 631 2066 quia
647 1988 804 2066 permisit,
824 2008 887 2049 non
897 1987 1006 2050 iussit.

68 2103 72 2112 Ι
126 2176 175 2227 1⁰6
250 2179 252 2183 ’
401 2215 403 2220 2
509 2154 637 2223 c.cV.
681 2155 925 2223 Dceudsmre.

307 2293 361 2356 Ex
380 2291 660 2373 Cupitularium
677 2291 759 2355 Lib.
779 2293 822 2372 l.,
842 2315 917 2374 cap.
936 2291 1127 2378 XLlllr).

269 2411 315 2478 Ut
341 2435 400 2476 uec
425 2432 509 2475 uxor
531 2433 551 2474 a
571 2413 640 2474 viro
664 2412 794 2488 dimissa
816 2410 913 2475 ulium
935 2413 1068 2492 accipiat
1085 2416 1188 2495 virum
1204 2416 1243 2476 vi·

185 2511 280 2582 ¹vente
315 2515 384 2579 viro
419 2535 492 2593 sno,
529 2535 587 2577 uec
621 2514 671 2576 vir
705 2511 801 2603 uliam
835 2514 968 2593 occipiat
993 2516 1127 2579 vivente
1152 2536 1243 2579 uxore

183 2640 299 2699 pnore.

424 2767 461 2833 C.
479 2767 566 2833 cvl.
609 2767 664 2833 De
680 2771 833 2854 legitimos
850 2777 1015 2854 cmsiuffis's.

126 2926 174 2971 1⁰7
453 2903 507 2966 Ex
525 2904 639 2967 dietis
658 2903 691 2967 S.
710 2905 984 2989 Hieronymir).

270 3023 350 3087 Tria
367 3021 510 3106 legitima
527 3025 674 3106 coniugia
691 3026 723 3086 in
742 3026 902 3103 scripturis
920 3024 1074 3108 leguntur.
1112 3023 1245 3088 Primum

76 3198 81 3203 ,
184 3126 359 3210 legitimum
377 3127 555 3210 coniugium
574 3133 623 3187 est
639 3128 728 3208 virgo
749 3135 836 3188 ousta
852 3130 885 3189 in
903 3127 1087 3208 virginitate
1105 3128 1176 3188 viro
1195 3127 1245 3188 do·

104 3233 109 3240 ⁴
183 3237 251 3292 tatu
263 3231 337 3310 229)
355 3225 505 3311 legitime.
540 3225 734 3307 Secundum,
753 3229 842 3311 virgo
859 3229 892 3289 in
906 3228 1122 3319 oiritete²³⁰l
1141 3227 1246 3308 depre-

184 3375 396 3384 ...ᾐκα-

251 3471 278 3518 e.
297 3470 358 3517 οιν.
393 3465 416 3534 1)
433 3471 494 3517 1..1.
509 3483 531 3516 c.
544 3471 585 3514 ro.
599 3492 628 3502 --
646 3468 738 3517 nureo.
752 3469 797 3518 in.
812 3471 853 3518 ⁷1.
868 3458 936 3529 (u),
955 3469 1108 3516 oecuvnr.
1118 3465 1246 3535 noo-(u),

182 3538 305 3586 Pcn.vn.
317 3538 420 3598 2.(1).)‚
435 3538 580 3585 c.xxxn.
590 3551 614 3595 q.
624 3539 647 3583 τ.
658 3551 680 3583 c.
691 3539 714 3583 s.
724 3538 788 3597 (op.
952 3553 957 3562 ·
1139 3537 1146 3545 ·

183 3669 278 3790 78⁹⁸)D.
296 3743 357 3788 CVI.
392 3742 423 3800 n)
441 3744 525 3802 ceput
542 3743 679 3791 incertum.
696 3767 730 3803 -γ
746 3743 823 3790 Dect.
835 3743 903 3789 Vlll.
916 3742 957 3788 40.
972 3735 1058 3804 (M),
1074 3739 1140 3789 Pan.
1155 3743 1199 3789 Vl.
1213 3741 1248 3786 ³³.

182 3807 252 3874 (n),
269 3811 295 3857 c.
304 3810 424 3858 xxxvi.
434 3825 457 3868 q.
467 3813 491 3859 2.
502 3825 524 3859 c.
535 3812 558 3858 ε.
569 3808 633 3871 (n).

309 3921 336 3976 †)
352 3919 456 3963 Corinth.
471 3935 490 3964 c.
504 3923 525 3963 o.
539 3933 561 3964 v.
575 3925 607 3964 1⁰.

228 4026 260 4085 C.
273 4025 347 4084 CIV.
367 4031 442 4103 226)
450 4038 592 4106 propter:
610 4027 693 4086 Gotlr.
782 4029 814 4088 C.
836 4028 910 4087 cvl.
942 4031 1017 4100 229)
1047 4029 1136 4088 dcto:
1168 4027 1247 4088 Gotl.

182 4110 290 4171 Burch.
311 4110 398 4171 Deos.
418 4111 486 4172 Pan.
514 4117 589 4190 227)
609 4133 696 4172 ecce·
740 4114 813 4173 Coll.
843 4116 903 4173 citt.
949 4118 1030 4188 230)
1058 4116 1249 4190 captivitate.-

177 4207 253 4275 pto:
270 4197 355 4256 Trev.
376 4196 461 4257 Goth.
477 4198 595 4260 Helmst.
619 4205 694 4274 228)
740 4198 861 4258 llelmst.

180 4285 370 4362 intellegere:
391 4282 453 4343 Bal.

250 3607 277 3651 G.
296 3607 346 3654 cv.
381 3609 418 3666 m)
437 3606 529 3666 Anseg.
544 3606 626 3664 cupit.
640 3607 668 3651 L.
678 3607 697 3652 l.
712 3619 734 3653 c.
744 3607 784 3650 42.
800 3604 835 3664 (c.
849 3606 891 3653 43.
906 3603 1019 3664 capitul.
1031 3602 1181 3652 ecclesiast.
1195 3616 1247 3650 eun.
1282 3651 1286 3661 ,

1275 4274 1289 4715 l
