2594 4898
191 350 263 412 629
436 348 600 411 fluctuo
622 348 753 409 LIBER
777 348 1024 410 SECUNDUS.

192 518 232 581 de
246 505 315 581 'hac
337 538 433 581 causa
455 517 594 598 capitula
616 518 761 581 omnibns
783 523 861 581 noia
881 518 1012 582 sacient.
1060 518 1107 582 Et
1129 522 1256 601 episcopi

191 616 256 683 Dei
274 627 306 683 et
323 620 491 700 episcopali
509 623 699 685 auctoritate
716 620 977 700 depraedationes
1000 628 1034 684 et
1050 625 1182 702 rapinas
1199 644 1255 685 om·

192 723 284 786 nibus
310 723 510 786 interdicant.
554 722 597 786 Et
622 724 708 785 missi
736 730 769 785 et
795 725 929 785 comites
950 725 1051 786 nostri
1080 727 1202 788 cunctis
1222 745 1256 787 ex

191 831 300 888 nostro
328 823 433 889 banno
459 824 629 905 prohibere
653 818 788 888 firmiter
813 824 976 903 studeant,
1001 820 1044 888 'ot
1072 835 1256 911 cognoscant

193 948 313 1018 omnes,
334 926 428 1007 quod,
446 926 473 990 si
487 925 552 990 tale
567 925 759 1010 aliquis⁵⁵⁸)
777 927 883 991 facere
895 930 1137 1008 praesumserit,
1156 950 1255 992 secun·

164 1068 166 1073 ·
192 1029 265 1092 dnm
284 1029 406 1092 divinas
425 1026 599 1093 sententias
619 1026 828 1109 episcopalem
851 1031 991 1110 excipiet
1009 1033 1215 1111 sententiam,
1232 1038 1255 1094 et

134 1560 184 1603 27⁹

134 2804 184 2850 274

106 1124 110 1136 ⁸
192 1132 365 1197 secundum
383 1129 470 1215 leges
489 1138 521 1194 et
538 1129 674 1211 capitula
691 1133 780 1215 regie
799 1131 967 1195 emendare
981 1140 1119 1217 cogetur
1131 1135 1215 1217 ³⁵⁹),
1232 1140 1255 1196 et
1290 1147 1291 1182 t

192 1235 362 1297 secundum
397 1233 547 1297 iudicium
582 1230 722 1296 fidelium
758 1243 937 1298 nostrorum
969 1233 1165 1319 condignam
1198 1236 1253 1296 vic·
1288 1228 1291 1285 ἓ

193 1336 311 1401 dictem
326 1337 475 1421 excipiet.

451 1537 488 1604 C.
508 1537 709 1604 CCLXXX.
753 1539 808 1605 De
825 1541 933 1607 eadem
953 1563 999 1607 re.
1080 1488 1087 1497 Α

593 1675 652 1740 Ex
674 1678 853 1754 eodone).

1286 1350 1291 1388 t

1285 1453 1291 1495 6

1284 1531 1291 1589 ὀ

1283 1632 1291 1697 't

1282 1861 1291 1918 6

279 1792 374 1869 Quod
390 1797 433 1874 si,
456 1795 541 1876 quod
559 1796 652 1876 absit,
675 1796 749 1861 talis
768 1798 942 1876 emerserit,
966 1798 1020 1879 qui
1035 1795 1103 1863 Dei
1120 1800 1250 1864 timoren

192 1905 371 1981 postponat,
392 1906 424 1961 et
442 1897 689 1963 ecclesiasticam
706 1901 926 1963 auctoritatem
945 1907 1143 1981 contemnat,
1168 1911 1200 1966 et
1215 1923 1250 1966 re

190 2003 277 2087 giam
293 2008 484 2081 potestatem
500 2002 648 2086 refugiat,
666 2005 762 2082 sciat,
790 2005 962 2083 quicunque
978 2002 1034 2066 ilie
1053 2004 1168 2084 fuerit,
1195 2004 1251 2084 quie

192 2112 226 2167 et
242 2105 413 2167 secundum
438 2107 623 2168 canonicam
647 2106 869 2169 auctoritatem
887 2105 927 2168 ab
951 2107 1091 2168 omnium
1110 2104 1251 2170 Christia-

41 2274 65 2291 .·
191 2227 303 2283 norum
322 2214 415 2270 coetu
433 2215 465 2270 et
483 2230 502 2270 a
519 2213 648 2271 sanctae
667 2205 820 2293 ecclesiae
840 2208 999 2287 consortio
1016 2209 1052 2272 in
1071 2208 1164 2272 coelo
1183 2210 1251 2271 etia

190 2315 277 2371 terra
296 2307 417 2372 alienus
435 2307 591 2372 efficietur
604 2309 692 2391 ⁵⁶⁰),
720 2316 753 2372 et
769 2308 869 2393 regali
880 2317 1045 2389 ‚potestate
1064 2318 1162 2390 etque
1180 2308 1251 2373 omni

190 2392 281 2493 regni
296 2414 367 2496 ³⁶1)
389 2408 530 2474 fideirum
551 2412 776 2491 unanimitate,
799 2414 881 2477 sicut
900 2409 964 2475 Dei
976 2413 1049 2496 562)
1069 2413 1251 2476 inimicusei
1276 2387 1291 2449 ἶ

190 2515 282 2596 regni
300 2513 484 2578 devastator
505 2521 724 2595 persequetur,
751 2535 848 2595 usque
861 2515 933 2598 563)
952 2535 971 2576 a
994 2535 1095 2597 regno
1115 2512 1251 2578 externi·
1275 2489 1291 2550 ¹

192 2624 294 2679 netur.
1275 2591 1291 2654 ss

1275 2718 1291 2756 a.

442 2784 479 2848 o.
499 2746 720 2851 cccx'xm.
765 2740 818 2851 oe?
836 2744 1008 2853 etati,

550 2923 608 2986 Ex
630 2924 802 3003 eodem')
817 2926 900 3007 ⁵⁶⁴).
985 2882 988 2888 ‡
1274 2924 1291 2961 ¹

278 3038 314 3103 Si
332 3042 399 3120 quis
416 3041 499 3104 infra
516 3062 647 3126 regnum
663 3044 805 3122 rapinam
823 3043 945 3121 fecerit,
969 3049 1024 3105 aut
1042 3045 1187 3124 cuiquam
1205 3062 1251 3106 eo·
1273 3029 1291 3065 “

193 3148 258 3206 atro
276 3138 380 3222 fideli,
408 3152 463 3207 ant
481 3145 548 3207 eins
569 3143 687 3207 homini
711 3143 827 3225 aliquid
845 3147 877 3208 vi
896 3142 1079 3224 abstulerit,
1107 3148 1142 3209 in
1160 3141 1249 3225 triplo,
1274 3130 1291 3167 ¹

1271 3332 1291 3371 Ἰ

261 3440 288 3484 C.
308 3436 455 3486 CCLXXX.
492 3439 519 3496 ιι)
537 3438 598 3487 ibid.
610 3453 632 3487 c.
643 3441 667 3487 ἵ.
1272 3442 1291 3475 Ἰ

261 3509 288 3555 c.
308 3508 466 3555 CCLXXXI.
502 3507 528 3566 v)
546 3508 588 3553 Ex
603 3508 658 3555 eod.
672 3507 933 3556 conventucerisiac.
950 3504 1250 3567 (Perimhionommst
1272 3541 1291 3571 ,

192 3590 218 3634 p.
233 3574 316 3636 M),
336 3576 428 3623 Bened.
439 3575 521 3634 Capit.
531 3576 559 3623 ¹1.
569 3577 599 3623 ΙΙ.
615 3591 635 3622 c.
647 3577 687 3624 ot.

236 3727 269 3787 C.
284 3728 464 3787 CCLXXIX.
480 3733 553 3802 558)
575 3730 703 3806 aliquoi:
792 3729 824 3786 C.
844 3726 1025 3787 cccxxxi.
1044 3733 1121 3799 564)
1141 3731 1189 3789 Ea
1204 3729 1249 3786 Cr·

194 3811 268 3871 Hild.
288 3813 348 3872 Bel.
395 3819 468 3886 559)
490 3824 634 3891 cogetur:
661 3815 702 3872 ib.
743 3814 820 3890 pic:
843 3834 918 3872 omn.
939 3811 1041 3883 codd,
1066 3815 1115 3892 qui
1135 3815 1249 3890 interpo

236 3899 271 3956 C.
302 3898 470 3957 CCLXXX.
505 3899 579 3980 566)
610 3896 704 3976 effici·
749 3898 832 3958 iatam
868 3898 1006 3957 exhibent
1046 3900 1249 3967 recensiooeu,

194 3994 259 4042 tur:
304 3983 423 4060 Guelph.
468 3983 572 4042 Vienn.
627 3990 704 4060 56))
748 3986 810 4043 scii.
848 3982 968 4062 Goeiph.
999 3983 1108 4043 Viene.
1142 3983 1249 4042 Helua.

191 4070 336 4126 ninnium:
359 4066 702 4145 Bat.‚regn0:fle1msi.
748 4069 852 4142 Paris.;
884 4067 988 4128 ibidem
1007 4070 1082 4127 eui·
1103 4069 1162 4128 boc
1178 4075 1252 4146 capet

193 4152 266 4224 562)
292 4162 325 4211 et
344 4154 503 4212 eeclesiae:
531 4152 597 4212 add.
615 4155 703 4232 orig,
747 4175 804 4213 non
824 4156 851 4214 h.
872 4157 901 4226 1.,
919 4153 971 4214 sed
989 4154 1086 4233 paullo
1105 4165 1185 4225 ante,
1202 4170 1251 4211 ne

190 4247 239 4297 et:
273 4237 338 4297 add.
374 4238 459 4298 Trev.
496 4238 580 4300 Goth.
628 4245 702 4312 563)
748 4240 823 4300 mun
841 4243 919 4301 inter
941 4260 969 4299 c.
993 4245 1056 4303 275
1078 4251 1112 4301 et
1129 4238 1251 4305 27⁶*
1271 4260 1291 4301 ι

192 4326 276 4383 dum:
302 4322 367 4383 add.
387 4327 462 4404 orig.
746 4327 792 4385 ine
809 4325 947 4386 editionis
964 4325 1142 4387 collocatum
1164 4335 1218 4387 eat·
1273 4354 1277 4363 ·

1254 4442 1291 4815 i

1068 4804 1095 4857 'u
