2594 4898
335 356 412 441 cap.
432 357 655 421 ccccxxxiv
666 395 679 403 »-
712 317 945 421 ccccxxxm.
1109 362 1174 424 m

311 522 361 591 ·C.
381 524 676 594 ccccxxxvlt
718 528 772 593 De
789 529 898 593 eadem
914 548 961 594 re.
1184 545 1233 593 svs

208 663 267 726 Ex
286 660 561 743 Capitularium
578 664 659 729 Lih.
678 661 705 727 Ι.
724 685 801 745 cap.
822 662 1020 728 CXXXIX.
1031 659 1070 748 ¹¹).

191 783 236 851 Ut
252 791 410 848 mercatus
428 783 479 847 die
497 783 654 847 dominica
675 784 708 846 in
725 781 813 848 nullo
831 781 902 846 ioco
920 781 1087 853 habeatur.

227 989 264 1054 C.
285 989 599 1057 ccccxxxviii.
644 989 950 1072 Defestioitatidua
967 1000 1054 1060 anni.
1181 991 1297 1092 ξιῗρςθῖξ

197 1128 256 1191 Ex
281 1126 556 1208 Capituiarium
582 1129 665 1193 Lib.
692 1128 733 1193 Il.
761 1151 839 1208 cap.
865 1128 1033 1194 XXXIII.
1049 1127 1086 1215 ¹).
1183 1149 1233 1196 sit

191 1247 305 1310 Festos
328 1245 446 1310 diesin
465 1268 547 1310 anno
571 1247 733 1312 celebrare
751 1248 924 1326 sancimus,
951 1249 1065 1328 idest,
1092 1249 1176 1313 diem

104 1350 295 1413 dominicum
329 1347 472 1412 Paschae
508 1369 577 1412 cum
613 1350 698 1411 omni
733 1348 932 1411 hebdomada
950 1352 1047 1428 ⁶⁴⁵),
1092 1350 1175 1414 diem

105 1453 302 1514 ascensionis
323 1449 475 1529 Domini,
503 1449 714 1513 Pentecosten
737 1449 900 1527 similiter,
927 1458 962 1512 ut
984 1454 1017 1512 in
1039 1449 1175 1530 Pascha,

104 1536 333 1632 Apostolorum
350 1551 438 1615 Patri
462 1560 495 1615 et
512 1551 602 1614 Pauli
622 1552 705 1614 diem
724 1573 834 1629 unum,
860 1554 1056 1631 nativitatem
1074 1555 1176 1615 sancti

105 1653 234 1717 loannis
253 1653 427 1732 Baptistae,
448 1656 672 1717 assumtionem
691 1663 820 1717 sanctae
837 1652 973 1731 Mariae,
992 1658 1175 1739 sancti⁶⁴⁶)

106 1753 1175 1840 Michaeiimanetiiti)Remigii,sanctiMartini,sauctiAndreae,

105 1859 138 1920 in
157 1856 256 1920 nataii
277 1855 409 1920 Domini
431 1857 497 1920 dies
521 1867 670 1936 quatuor,
698 1867 843 1920 octavam
866 1855 1012 1934 Domini,
1038 1857 1177 1937 Epipha·
1271 1838 1279 1856 Ι

106 1961 189 2022 niam
208 1956 353 2038 Domini,
371 1956 624 2038 purificationem
641 1967 770 2022 sanctae
787 1957 930 2036 Mariae,
950 1958 1070 2022 atilius
1087 1959 1177 2023 iesti-

105 2064 222 2124 vitates
246 2069 421 2142 martyrum
449 2058 501 2123 vel
527 2061 742 2124 confessorum
770 2059 942 2125 ohservare
968 2061 1175 2142 decrevimus,

106 2185 238 2243 quorum
256 2164 285 2225 in
305 2184 490 2243 unaquaque
508 2161 659 2243 parochia
677 2183 810 2243 corpora
826 2164 1038 2244 requiescunt.

326 2366 364 2430 C.
384 2366 670 2433 CCCLXXXIX.
715 2363 769 2431 De
787 2367 895 2432 eudem
911 2388 957 2431 re.
1188 2389 1238 2437 ata

354 2505 415 2567 Ex
433 2502 608 2567 Concilio
626 2503 670 2566 ad
688 2501 933 2586 Risphacha).

192 2623 308 2686 Festos
327 2622 393 2701 dies
412 2622 572 2687 celebrare
591 2625 762 2701 sancimus,
786 2622 817 2685 id
836 2629 899 2700 est,
919 2622 1003 2686 diem
1020 2621 1175 2704 Paschae,

106 2722 254 2788 similiter
280 2716 361 2787 feria
387 2725 540 2804 secunda,
576 2727 690 2803 tertia,
728 2733 840 2806 quarta
867 2732 899 2787 et
927 2726 1043 2804 quinta.
1092 2724 1177 2789 Ante

106 2829 237 2890 missam
255 2824 384 2890 licentia
401 2828 443 2890 sit
461 2827 571 2890 arandi
590 2836 623 2891 et
640 2828 828 2906 seminandi,
847 2826 973 2890 hortum
986 2826 1038 2890 vei
1051 2829 1178 2893 vineam

108 2927 279 2992 excolendi
303 2936 335 2992 et
356 2951 461 3009 sepem
490 2928 763 2993 circumcludendi.
807 2927 856 2992 Ab
884 2928 949 2992 alio
977 2950 1052 2991 vero
1080 2950 1177 3008 opere

108 3051 234 3094 cessare
258 3030 468 3110 decrevimus,
496 3040 569 3111 post
590 3033 720 3093 missam
742 3040 849 3094 autem
872 3030 912 3093 ab
935 3052 1030 3111 opera
1052 3052 1176 3094 vacare.
1242 3074 1246 3079 -

107 3131 320 3195 Pentecosten
347 3131 509 3212 shuiliter,
541 3141 576 3197 ut
600 3135 633 3196 in
659 3132 800 3211 Pascha,
832 3131 866 3194 S.
893 3131 1074 3210 Laurentii,
1101 3130 1177 3195 Kal.

107 3230 266 3297 Novemh.
302 3236 441 3301 omnium
475 3242 672 3314 sanctorum,
707 3233 854 3297 similiter
884 3234 1100 3296 dedicationes
1127 3254 1178 3296 ec·

110 3333 287 3399 clesiarnm.

177 3595 206 3640 c,
224 3595 438 3643 CCCLXXXVH,
460 3595 489 3657 k)
503 3592 857 3654 Anseg.capit.h.1.e.139.
873 3591 910 3654 (c.
923 3593 946 3639 9.
959 3589 1069 3651 Capitol.
1083 3589 1178 3649 Aquis-

109 3675 183 3721 gran.
193 3675 254 3709 aun.
264 3664 335 3721 809.)
352 3690 388 3699 -
405 3664 497 3712 Buvch.
507 3667 537 3712 11.
548 3667 588 3713 86.
598 3665 664 3724 (R.):
684 3663 728 3710 Es·
738 3663 792 3710 eod.
802 3678 824 3711 c.
834 3667 858 3709 9.

178 3731 207 3778 G.
227 3732 453 3781 cccnxxxvffl.
488 3731 508 3793 l)
518 3735 610 3792 Aniseg.
621 3731 703 3790 capit.
712 3733 739 3779 Ι..
750 3733 780 3779 lt.
795 3745 816 3778 c.
827 3731 868 3776 33.
878 3723 912 3790 (c.
923 3730 945 3775 3.
959 3728 1085 3789 Excerpt.
1095 3727 1178 3788 Capit.

109 3798 328 3858 ingelheimensi.
338 3802 410 3859 826„
430 3814 451 3847 e.
462 3802 502 3847 36.
520 3803 598 3848 conc.
608 3803 724 3860 hlogunt.
734 3799 790 3845 hab.
801 3811 824 3844 a.
835 3795 914 3861 813.)

177 3867 206 3914 G.
224 3866 430 3918 ccccxxxix.
465 3870 502 3931 m)
513 3871 551 3918 Cf.
561 3882 640 3927 sopra
649 3883 671 3916 c.
682 3868 832 3914 cccxuw.
841 3868 895 3913 not.
901 3865 932 3926 t).

153 4070 187 4128 C.
222 4069 486 4130 CCCLXXXVill.
548 4071 623 4140 645)
668 4088 739 4128 vore
758 4070 954 4127 decrevimus:
971 4064 1079 4143 anseg.
1104 4068 1177 4133 646)

108 4175 173 4213 cum
207 4156 430 4215 omni³ltonore
458 4166 490 4214 et
511 4157 625 4214 sobrie·
669 4156 883 4212 dedicationem
893 4173 916 4210 s.
924 4172 936 4210 .·
946 4149 1010 4208 add.
1018 4149 1087 4209 ibid.
1107 4152 1180 4224 647)

110 4250 174 4298 iate
192 4244 347 4311 venerari,
369 4243 463 4301 simili
477 4242 626 4321 modoin-
669 4241 798 4299 natalem
816 4257 860 4296 a:
878 4235 945 4294 add.
964 4233 1034 4292 ihid.

110 4335 172 4383 tom
190 4325 403 4386 hebdomadam
421 4326 510 4386 iiiam·
522 4324 627 4405 ssver-

930 4425 970 4483 12
