2594 4898
107 364 169 409 m
392 339 882 401 palaestro-animis.

107 510 307 591 Damnstad.,
326 508 401 572 olim
420 507 534 572 Colon.
553 531 636 572 num.
656 514 745 587 124,
764 530 846 590 quse
861 509 1006 589 inprimis
1024 508 1066 573 ad
1083 511 1173 574 resti·
1217 554 1224 575 .

106 615 244 681 tuendos
262 633 399 675 canones
419 610 643 675 Triburienses
661 613 796 675 maximi
813 619 863 675 est
879 613 1032 675 momenti
1054 611 1172 692 (Bec'tr.

101 739 139 803 p.
157 721 211 778 21.
229 717 349 794 sequ),
377 711 457 776 Cod.
475 711 680 776 univers‘lit.
700 713 788 793 Lips.
807 735 892 776 num.
911 718 986 776 668.
1006 712 1175 798 (Beth-p.

108 823 160 881 28.
184 819 268 898 29),
295 822 329 878 et
354 812 434 881 cod.
459 813 702 897 Guelpherhyt„
728 817 785 878 ins
811 814 949 879 Helmst.
976 837 1061 879 num.
1087 820 1175 894 454,

109 942 203 1003 quern
229 939 294 981 nnn
320 919 390 981 sine
415 919 484 980 inre
509 916 665 1001 liutgero,
693 915 928 997 archiepiscopo
955 915 1090 982 Trever.
1121 918 1177 981 ed·

109 1024 272 1103 scripsisse
298 1019 377 1083 mihi
401 1020 512 1082 videor
540 1019 664 1100 (Baitr.
689 1041 723 1104 p.
741 1023 920 1101 29--36.).
963 1017 1177 1099 Interpolatus

109 1132 216 1189 autem
232 1129 342 1186 textus
360 1121 520 1184 adhibitus
539 1124 637 1185 estin
655 1120 843 1186 collectione
862 1120 990 1209 Codicis
1010 1119 1199 1211 Viennst),

72 1282 75 1286 .
109 1230 170 1291 iar·
191 1247 261 1288 can.
285 1245 369 1287 num.
388 1228 441 1286 99.
466 1222 585 1306 (Beitr.
601 1244 634 1307 p.
653 1228 738 1305 29),
762 1231 795 1287 et
820 1224 852 1286 in
871 1222 1065 1302 Saviniana,
1083 1243 1179 1302 quem

110 1329 287 1393 accuratius
306 1327 457 1406 descripsi
474 1328 521 1390 in:
541 1325 647 1389 Beitr.
662 1347 697 1410 p.
712 1331 763 1389 34.
778 1347 880 1406 seqq„
899 1327 1050 1406 cuiusque
1067 1332 1180 1389 auctor
1221 1380 1224 1395 ,

109 1438 236 1512 praeter
252 1427 317 1492 alia
334 1435 603 1491 sacramentorum
619 1408 788 1490 nonnullas
806 1449 851 1490 ex
867 1426 1034 1512 Reginone
1053 1426 1178 1492 desum·

110 1536 189 1597 sisse
211 1528 364 1594 tonnulae
385 1530 521 1592 videtur.
544 1526 611 1611 (cf.
630 1527 708 1613 Reg.
726 1529 766 1592 L.
785 1528 828 1592 H.
852 1552 880 1592 c.
899 1534 972 1593 239.
995 1535 1064 1593 not.
1081 1528 1133 1615 b),
1151 1550 1179 1592 c.

111 1639 185 1696 240.
206 1639 274 1695 not.
293 1631 353 1714 c)).
398 1629 463 1694 Sed
480 1633 618 1694 omnium
635 1633 777 1694 maxime
794 1630 993 1715 Regiuonem
1001 1633 1046 1716 “)
1064 1638 1099 1695 et
1116 1638 1181 1694 tres

111 1734 307 1815 Appendices
338 1731 492 1812 expilavit
517 1729 717 1796 Barchardns
744 1732 988 1800 Wormatiensis
1015 1733 1182 1813 episcopus

112 1841 143 1901 in
163 1833 396 1900 conscribendis
415 1835 613 1898 decretorum
630 1856 758 1899 suorum
774 1834 864 1898 libris
878 1835 961 1898 XX.
983 1832 1037 1897 De
1053 1836 1180 1899 ratione

113 1946 146 2004 et
162 1936 330 2015 methodo,
350 1957 410 2015 qua
427 1935 488 1998 hoc
504 1935 704 2001 Burchardus
722 1937 811 2001 fonte
827 1958 904 2001 usus
921 1939 975 2016 sit,
993 1937 1057 1999 iam
1075 1958 1182 2017 supra,

113 2040 350 2117 accuratiusque
371 2038 407 2100 in
425 2036 481 2100 lib.
500 2040 553 2101 cit.
575 2061 605 2119 p.
625 2044 676 2102 30.
696 2045 748 2111 31.
768 2041 835 2122 egi,
857 2060 959 2120 neque
981 2045 1125 2118 repetere
1144 2060 1182 2102 ea

112 2142 192 2209 mibi
212 2141 340 2205 ridetur
357 2142 584 2219 necessariori,
607 2162 700 2219 quum
719 2147 892 2220 portatam
911 2142 1085 2205 editionem
1100 2162 1181 2207 sem·

114 2268 171 2328 per
179 2241 431 2320 Barchardiana,
451 2264 531 2322 quae
548 2240 680 2326 singulis
689 2239 863 2326 Reginnnis
880 2243 1074 2322 respondent
1089 2242 1181 2321 locis,

114 2347 308 2428 respexerim
326 2345 444 2423 capita,
462 2342 621 2423 falsasque
637 2342 880 2408 Wormatiensis
897 2342 1044 2408 officinae
1061 2365 1182 2433 merces

98 2457 150 2515 *et
166 2447 418 2525 adulterationis,
438 2468 530 2526 quam
546 2454 673 2526 poterat
689 2444 762 2509 fieri
778 2449 929 2525 maxime,
947 2447 1183 2530 indigitaverim

117 2574 240 2616 causas.
285 2547 497 2628 Collectores‚
518 2552 570 2628 qui
586 2548 803 2613 Burcherdum
820 2549 921 2612 secuti
937 2554 1023 2625 sunt,
1041 2545 1184 2632 Regino·

117 2658 165 2719 uis
188 2674 267 2733 opus
288 2652 357 2714 fere
378 2671 507 2729 prorsus
530 2672 594 2713 non
621 2651 819 2730 adhibuisse,
846 2650 1039 2731 lvonemque
1054 2647 1184 2714 'Carno-

118 2762 241 2819 tenscm
263 2754 444 2833 episcopum
465 2751 574 2832 procul
597 2751 690 2815 dubio
708 2757 771 2816 tria
788 2760 910 2817 tantum
927 2752 1043 2816 exinde
1061 2752 1184 2816 desum·

119 2860 199 2922 sisse
221 2857 324 2934 capita
347 2851 460 2937 (Decr.
483 2853 522 2915 L.
549 2852 604 2918 VI.
627 2878 655 2918 c.
672 2861 862 2919 433-435.
885 2889 932 2910 =
953 2855 1031 2939 Bag.
1052 2855 1094 2918 L.
1113 2854 1140 2922 1.
1157 2876 1184 2918 c.

118 2961 337 3038 449-451.),
360 2957 473 3018 mirum
489 2977 554 3019 non
570 2957 710 3036 videtur,
736 2960 808 3038 quia
825 2957 1015 3036 Barchardi,
1033 2955 1184 3034 Ansehni,

118 3062 228 3124 lvonis
255 3080 352 3139 opera
378 3057 418 3119 oh
441 3056 540 3120 multo
561 3057 742 3123 uberiorem
762 3083 867 3124 rernm
890 3063 1011 3140 copiam
1033 3061 1186 3122 maiorem

119 3169 214 3226 nacta
231 3166 337 3224 essent
355 3163 589 3240 auctoritatem,
609 3184 701 3241 quam
719 3173 829 3225 nostra
847 3160 1009 3239 collectio,
1033 3182 1115 3239 quae
1133 3181 1186 3222 an·

119 3261 311 3351 gustioribus
339 3263 572 3342 circumscripta
596 3260 728 3345 finibus,
756 3266 883 3330 omnino
905 3265 974 3327 fere
994 3261 1186 3342 reprimeba-

60 3440 65 3455 ‚
119 3375 185 3439 tur;
209 3367 345 3445 ideoque
369 3362 555 3427 Gratianum
578 3387 616 3428 ea
636 3387 727 3429 usum
746 3388 831 3445 esse,
854 3387 919 3428 nnn
937 3372 986 3428 est
1003 3361 1185 3441 verisimile,

120 3476 152 3534 et
166 3489 352 3550 quamquam
365 3488 428 3531 non
441 3488 542 3548 pauca
555 3469 588 3531 in
602 3466 839 3532 buius-exstant
851 3464 993 3531 Decreta
1006 3465 1185 3547 cupita*⁸')‚

120 3611 329 3623 -.--—·--

189 3687 217 3750 ”)
234 3691 334 3738 Notitia
344 3691 427 3752 certe,
443 3702 521 3748 quern
529 3691 657 3741 Theinero
668 3692 768 3751 (Ucbcr
776 3693 851 3741 lvo's
864 3690 1070 3741 vcrmcintlr'cdu
1078 3690 1187 3749 Deteret,

116 3761 212 3875 pido.)
227 3759 258 3805 de
272 3759 321 3806 hoc
337 3759 431 3806 codice
440 3758 573 3823 debemus,
591 3762 693 3809 unllam
706 3761 811 3809 exhibet
828 3763 957 3822 genuinae
969 3759 1130 3808 recensionis
1144 3772 1187 3806 ve·

121 3842 235 3889 argium.
266 3886 272 3897 ἱ

189 3925 232 3988 **)
241 3929 275 3974 Et
283 3929 385 3987 quidem
394 3931 535 3978 secundum
544 3931 727 3994 interpolatum
737 3936 848 3993 textum,
857 3931 927 3992 qnod
934 3932 1044 3993 apparet
1052 3943 1086 3977 ex
1096 3929 1189 3978 Barch.

122 3999 150 4044 L.
155 3999 191 4111 dl
202 4011 224 4044 c.
234 3999 330 4127 {ligio
336 3993 416 4124 )(Reg.
425 4000 454 4047 L.
464 4001 484 4045 1.
495 4015 517 4046 c.
527 4002 567 4046 62.
576 4005 629 4048 not.
640 4003 715 4063 179),
728 4004 783 4049 not.
792 3997 849 4062 n)),
864 4003 891 4049 ct
899 4000 929 4050 L.
937 4000 970 4049 V.
979 4014 1002 4048 c.
1012 4000 1035 4045 2.
1049 3998 1124 4059 (Reg.
1132 4000 1162 4046 L.
1173 4000 1190 4045 1.

122 4080 145 4112 c.
189 4079 260 4113 .no.
351 4099 357 4114 .

191 4160 249 4229 ***)
267 4168 295 4216 c.
304 4168 373 4216 xm.
386 4180 411 4227 q.
420 4170 446 4221 2.
461 4184 483 4218 e.
494 4172 612 4218 ao-ea.
626 4171 698 4232 (aeg.
708 4173 736 4219 n.
746 4174 776 4220 11.
790 4185 814 4221 c.
823 4174 864 4218 oa.
875 4171 943 4231 esp,
957 4168 1091 4219 axxffl.
1101 4182 1125 4227 q.
1136 4170 1161 4216 e.
1171 4182 1193 4216 e.

124 4239 147 4283 s.
157 4239 182 4283 e.
196 4234 308 4297 (nepe.
318 4238 336 4282 ι.
351 4250 373 4284 c.
384 4239 441 4286 rea.
452 4239 534 4299 ma),
554 4242 581 4286 c.
592 4239 697 4289 xxvii.
712 4256 736 4299 q.
746 4243 769 4287 1.
783 4252 807 4288 e.
816 4242 857 4288 14.
868 4243 909 4289 15.
923 4240 997 4299 (aeg.
1011 4239 1041 4287 1..
1054 4238 1086 4285 11.
1099 4250 1123 4285 c.
1134 4237 1194 4287 10³.

125 4301 195 4371 162.)
201 4336 209 4366 ,
219 4304 373 4352 θὶι1.11.1)ε
383 4319 457 4364 poen.
467 4321 491 4354 c.
500 4309 524 4353 2.
534 4309 556 4355 3.
570 4308 643 4368 (Reg.
650 4309 679 4355 L.
689 4311 707 4357 1.
717 4323 740 4355 c.
750 4309 808 4356 311.
818 4308 899 4368 318).
1029 4320 1032 4325 ·
