2594 4898
192 337 262 401 5ss
436 334 602 398 uncino
621 334 754 396 LIBER
772 334 1013 397 SECUNDUS.

366 525 369 529 ’
483 501 519 566 C.
538 501 682 568 CCLVI.
728 502 782 567 De
799 504 907 568 eodem
923 525 970 568 re.

376 676 379 681 ’
451 672 511 736 Ex
536 671 711 736 Concilio
733 671 994 761 Aneyranou).

277 824 328 889 De
349 825 415 905 his,
439 828 491 905 qui
512 803 774 889 irrationabiliter
795 827 912 889 nemeti
930 834 1020 905 sunt,
1039 829 1112 895 sivo
1129 849 1255 897 versun.

190 939 259 1008 tur,
277 936 430 1007 quotquot
447 935 521 993 ante
537 928 721 999 vicesimum
739 949 856 991 annum
868 931 902 971 55
913 930 941 1012 ¹)
958 927 1022 991 tale
1036 932 1159 995 crimen
1178 954 1255 997 cono

191 1031 335 1095 miserint
346 1031 436 1111 ⁵²2),
459 1027 527 1091 XV
546 1031 635 1092 annis
659 1031 781 1093 exactis
794 1031 832 1094 iu
848 1031 1045 1108 poenitentia
1064 1035 1255 1101 communio-

191 1153 265 1195 nem
290 1138 471 1195 mereantur
497 1133 685 1193 orationum.
738 1128 817 1193 Post
843 1122 1103 1210 quinquennium,
1135 1135 1172 1197 id
1200 1143 1256 1212 est,

190 1241 263 1312 post
280 1232 352 1295 XX
370 1253 470 1295 annos
483 1234 555 1316 555)
573 1230 743 1295 oblationis
761 1238 960 1299 sacramente
972 1235 1164 1317 contingunt
1175 1237 1256 1317 ⁵³⁴).

192 1331 355 1414 Quotquot
378 1341 483 1396 autem
509 1339 583 1411 post
604 1332 676 1395 XX
699 1355 800 1395 annos
814 1337 883 1407 555)
906 1355 1026 1396 uxores
1049 1331 1257 1401 habentesiu

190 1434 252 1497 hoc
275 1443 405 1514 peccato
419 1437 490 1519 555)
513 1433 650 1515 prolapsi
673 1442 761 1512 sunt,
786 1432 890 1497 XXV
912 1455 1011 1496 annos
1028 1437 1256 1515 poenitentium

139 1533 141 1541 ’
171 1533 338 1621 ¹gerentes
352 1538 439 1620 555),
466 1535 507 1599 ad
534 1538 686 1600 orationis
713 1536 966 1599 comnmnionem
990 1538 1201 1616 incipiantur,
1229 1547 1256 1600 et

134 2115 183 2160 256
256 2119 258 2124 ’

190 1645 263 1718 post
280 1639 537 1717 quinquennium,
555 1637 588 1700 id
606 1645 656 1701 est
667 1639 758 1718 ⁵³³),
777 1638 850 1716 post
866 1636 976 1700 XXX
988 1659 1109 1701 annum
1124 1660 1256 1707 commn-

112 1753 113 1756 ’
191 1741 308 1808 nicent.
371 1735 465 1812 Quod
495 1740 524 1802 si
555 1747 628 1816 post
657 1741 947 1821 quinquagesimum
977 1760 1095 1809 annum
1123 1740 1256 1822 prolapsi

192 1847 282 1918 sunt,
301 1840 335 1901 in
352 1828 416 1903 fine
435 1841 520 1902 vitae
539 1843 770 1904 communicent
783 1842 866 1922 555).

472 2091 510 2157 C.
530 2092 692 2185 chvll.
738 2093 791 2158 De
810 2093 917 2159 eodem
935 2117 980 2158 re.

499 2263 557 2327 Ex
575 2264 703 2327 eodem
722 2262 948 2347 Conoiiioi)⁴

279 2417 359 2496 Eos,
378 2418 432 2497 qni
449 2415 711 2484 irrationabiliter
728 2418 894 2495 vixerunt,
913 2425 945 2479 et
961 2415 1050 2496 lepre
1068 2420 1178 2483 iniusti
1189 2424 1249 2502 545)

193 2519 332 2580 miminis
355 2518 435 2582 alios
458 2516 654 2598 polluerunt,
677 2519 837 2599 praecepit
858 2525 969 2594 sancta
995 2521 1154 2602 synodus,
1179 2524 1249 2584 inter

194 2641 249 2682 eos
267 2641 375 2700 orare,
395 2622 447 2702 qui
464 2622 575 2702 spiritu
591 2618 810 2710 periclitantur
826 2620 998 2682 immundo.
1158 2612 1162 2617 ⁵

167 2932 169 2939 ’
263 2946 289 2992 G.
309 2945 413 2997 ccnvt.
438 2947 469 3005 u)
486 2947 550 2995 Hah.
560 2919 728 3007 onnditdqc.
740 2949 780 2992 15.
790 2945 1038 3006 (Dionys.)—Qoli
1047 2949 1106 2995 Vet.
1117 2952 1158 2998 89.
1169 2946 1246 3013 (som),

193 3012 274 3060 Dech.
284 3014 302 3057 1.
314 3014 365 3074 53,
376 3015 434 3060 Hel.
445 3017 488 3060 1v.
499 3017 537 3074 7.,
547 3016 608 3063 Rub.
619 3015 649 3062 ed
661 3016 690 3062 H.
701 3029 723 3062 c.
734 3017 789 3074 32„
801 3015 834 3060 ed
844 3017 874 3063 0.
885 3029 906 3061 c.
916 3017 952 3075 6.,
962 3016 1022 3062 Ano.
1034 3016 1090 3064 ded.
1102 3019 1155 3066 vu.
1166 3019 1247 3064 104.-

193 3079 285 3135 unroh,
294 3081 373 3129 xvu.
384 3083 424 3132 35.
434 3083 642 3147 (R.),Decr.1X.
652 3085 692 3129 88.
702 3083 764 3142 (Β.)

261 3184 288 3229 c.
307 3185 421 3231 convn.
456 3185 483 3245 v)
500 3180 1167 3246 nmo1⁶.(ninum-convica.scuram),
1180 3154 1247 3234 nio.

163 3253 169 3260 '
192 3252 211 3297 1.
224 3253 274 3309 54„
285 3253 341 3299 Hel.
350 3255 392 3300 iv.
404 3256 436 3315 8.,
446 3255 507 3301 liuh.
516 3254 558 3318 iio,
568 3256 627 3300 Ans.
637 3255 691 3300 vn.
703 3255 761 3301 105.
771 3278 804 3286 —
813 3253 905 3300 Burch.
914 3251 994 3300 XVII.
1005 3256 1046 3302 31.
1056 3254 1121 3316 (3.),
1130 3257 1205 3303 Dect.
1214 3255 1248 3299 ix.

192 3320 234 3367 oo.
253 3316 315 3384 (u).

235 3509 268 3569 C.
288 3507 413 3569 CCLVI.
437 3514 512 3585 531)
531 3511 597 3568 XX
611 3527 705 3571 annos
749 3507 867 3566 Holmst.
895 3505 1019 3585 Guclph.
1049 3506 1156 3567 Vieuu.
1184 3507 1247 3574 Bu..
1281 3556 1289 3589 ,A

192 3597 319 3654 uetotz's:
348 3594 410 3653 Bal.
456 3599 530 3664 532)
556 3595 703 3652 commim-
743 3594 985 3670 poenitudinem:
1003 3591 1156 3668 onig.Vat.
1171 3591 1248 3651 Daci.
1288 3588 1289 3592 ’

191 3691 279 3740 runt:
305 3679 462 3737 minuat.
499 3682 573 3755 533)
598 3681 704 3737 dezizde
749 3678 811 3737 Hei.
839 3677 914 3735 nab..
937 3676 1008 3735 Ans.
1054 3678 1131 3757 538)
1156 3679 1248 3739 iidem:
1282 3686 1289 3730 t

192 3767 392 3843 quinquennio
403 3767 433 3822 in
443 3765 704 3823 haecomnmnione
748 3762 823 3819 Hiid.
844 3762 903 3820 Bai.
932 3766 1006 3833 539)
1027 3764 1249 3838 quodsi-coo·
1281 3760 1289 3796 ¹

193 3852 347 3918 durantes,
377 3858 446 3906 tunc
472 3852 599 3909 demum.-
629 3850 703 3925 orig.
748 3849 913 3906 misnicenl:
935 3845 1249 3923 dcs.Hcimst.Gueipic
1284 3819 1289 3864 Ι

194 3933 267 3990 Coii.
288 3933 348 3990 citt.
369 3951 443 3989 omn.
472 3934 704 4012 534)iamplnm
747 3933 851 3991 Vienn.
881 3931 941 3990 Bai.
971 3968 1009 3977 —
1039 3930 1151 3990 Versus
1178 3933 1249 3990 finon
1283 3952 1289 4000 ·.

126 4080 131 4087 ,
192 4016 260 4077 add.
282 4016 321 4073 ib.
363 4019 435 4092 535)
450 4027 579 4094 peracto
597 4021 707 4094 viginti
749 4019 851 4095 capitis
875 4016 987 4093 Regino
1014 4018 1189 4075 senteutiam
1214 4035 1249 4073 co·

193 4114 336 4161 annornm
351 4109 467 4160 aetate:
489 4102 528 4159 ib.
552 4107 625 4170 536)
633 4123 704 4178 pec·
749 4104 831 4163 nonis
850 4103 944 4179 poulio
963 4102 1081 4159 brevius
1097 4100 1248 4179 descripsit
1274 4103 1278 4120 '

193 4195 306 4247 cotum:
332 4185 406 4246 Hiid.
425 4185 503 4258 Boi,
527 4189 576 4246 in:
601 4185 701 4246 deest:
792 4182 1247 4264 o.ccnv11.540)onuo·.·ssu
1283 4185 1289 4247 i

194 4274 268 4352 orig.
286 4272 359 4332 Coti.
379 4273 439 4334 citt.
478 4278 551 4347 537)
567 4283 705 4351 agentes:
1285 4301 1289 4309 ·
