2580 4890
198 374 273 439 430
363 358 366 363 ¹
442 366 608 429 REGINO
630 363 761 427 Lllilill
784 362 1042 425 SECUNDUS.

198 543 310 618 mitur,
331 559 432 617 neque
449 534 521 615 illa,
543 556 625 616 quae
642 554 765 597 summa
781 535 998 597 veneratione
1017 539 1196 613 censentur,
1211 530 1248 597 nl

199 644 330 707 minimo
351 639 593 719 praesumtionis
614 638 743 720 tactui)
766 634 951 715 solvuntur,
977 656 1057 699 oum
1074 634 1117 699 ad
1132 633 1188 699 hos
1200 642 1249 699 as

199 754 284 821 tum,
312 762 391 821 quae
413 737 484 802 fieri
505 741 590 801 iussa
611 745 699 816 sunt,
724 738 903 817 interrupta
926 758 1004 801 esse
1023 744 1206 817 nosountur,
1224 758 1261 803 rs.

199 843 362 926 languoris
388 848 543 921 proventu
568 837 684 902 robore
710 837 821 902 salutis
848 846 970 902 natura
997 841 1156 918 privetur.
1200 834 1252 903 lies

201 965 278 1026 erqo
300 941 402 1007 solum
424 940 590 1025 fragilitati
611 930 785 1003 consulitur
806 940 987 1019 hurnanae,
1018 940 1081 1005 sed
1109 942 1198 1004 etiam
1215 938 1252 1003 lr-

201 1048 272 1110 nori
289 1046 511 1128 mysteriorum
527 1039 591 1104 Dei
607 1041 790 1120 providetur
805 1040 952 1121 abunde,
974 1042 1059 1105 dum
1076 1042 1119 1107 ab
1137 1042 1254 1107 otum

201 1149 251 1210 nis
272 1168 347 1209 nasu
367 1152 556 1226 procuratur
576 1145 672 1209 etiarn
692 1136 1033 1228 nummulum-⁴).
1084 1142 1184 1228 Igitur
1204 1164 1253 1207 oss·

203 1250 321 1312 suimus
343 1247 527 1324 convenire,
548 1253 598 1323 ut,
620 1267 690 1307 cum
713 1266 733 1307 a
755 1245 982 1309 sacerdotibus
1006 1248 1180 1311 missarum
1200 1254 1253 1309 a*

201 1371 279 1429 pore
300 1358 411 1413 sancta
432 1349 585 1431 mysteria
605 1354 846 1427 oonseomntur,
867 1349 899 1411 si
922 1348 1144 1431 aegritudinis
1164 1344 1253 1411 aaut

203 1448 336 1531 quilibet
358 1456 501 1528 eventus,
529 1470 591 1530 quo
613 1458 757 1529 coeptum
778 1456 918 1528 nequeat
939 1452 1197 1515 consecrationis
1214 1466 1253 1511 ex·

203 1549 284 1632 pleri
309 1552 509 1635 mysterium,
528 1538 733 1613 'sit'liberum
754 1549 904 1641 episeopo
928 1546 987 1613 vel
1015 1550 1252 1633 presbyteras

204 1651 286 1717 alter
303 1654 570 1747 consecrationem
590 1648 721 1731 explent
737 1646 832 1737 officii
849 1650 972 1731 coepti.
1002 1646 1084 1715 Non
1104 1654 1185 1717 enirn
1198 1644 1253 1715 rid

203 1753 245 1816 nd
263 1750 514 1841 supplementum
530 1746 662 1816 initiaiis
680 1752 839 1835 mysteriis
857 1754 1033 1834 competit,
1053 1776 1151 1835 quam
1166 1752 1252 1817 autb

204 1854 350 1937 oipientis
372 1861 427 1917 aut
447 1851 667 1934 subsequentis
695 1840 851 1934 completa
875 1853 1253 1943 benedictiotionem

204 1954 304 2034 dotis,
331 1956 403 2037 quia
429 1976 489 2019 neo
514 1955 661 2035 perfecta
677 1946 783 2018 'sideri
807 1962 960 2035 possunt,
989 1956 1058 2021 nisi
1085 1951 1253 2041 perfertis&

205 2057 316 2120 ordine
347 2044 576 2137 compleantur.
628 2052 709 2121 Cum
741 2057 823 2119 enim
854 2052 957 2121 simus
986 2080 1106 2141 omues
1135 2054 1254 2124 unun's

207 2154 351 2239 Christo,
369 2152 452 2222 nihil
467 2150 660 2223 sonnatium
677 2158 842 2223 diversitas
857 2152 1001 2241 format,
1024 2160 1088 2225 ubi
1104 2156 1255 2227 effiindu

204 2254 424 2343 prosperitatis
436 2244 549 2325 'unitas
570 2254 649 2361 lidei
670 2268 905 2341 repraesentat,
927 2260 1019 2341 quod
1043 2264 1146 2327 etiam
1160 2254 1255 2326 rond·

206 2371 274 2425 turn
297 2356 400 2425 cunuti
423 2358 541 2425 ordinis
557 2354 667 2449 'cleriei
692 2362 827 2427 inditum
850 2369 884 2426 et
900 2360 1072 2427 indultum
1085 2366 1118 2449 ⁸)
1139 2354 1255 2429 esssffl

206 2484 270 2526 non
292 2463 469 2548 ambigant,
491 2462 562 2543 sed,
584 2471 620 2527 ut
641 2464 848 2545 praemissum
865 2471 931 2543 est,
956 2458 1255 2545 praecedentibus}

205 2564 320 2629 bontor
341 2563 397 2628 alii
418 2587 474 2644 pro
498 2563 727 2645 complemento
750 2550 933 2629 suecedent.
982 2562 1038 2630 Ne
1062 2564 1182 2647 tamen,
1196 2558 1253 2645 ΨΜ

207 2673 340 2729 naturae
360 2660 522 2750 languoris
545 2688 641 2729 causa
663 2664 849 2745 consulitur,
876 2668 911 2730 in
934 2672 1186 2747 praesumtionis
1202 2684 1252 2747 pst·

205 2766 322 2829 niciem
341 2754 553 2856 conrertatur,
572 2767 676 2832 nullus
694 2776 768 2848 post
784 2767 885 2832 eibum
903 2778 1088 2851 potuunque
1106 2774 1170 2835 sive
1181 2764 1250 2850 quol·
1278 2822 1282 2857 ἒ

206 2864 287 2928 libet
299 2870 328 2951 ³)
346 2869 509 2931 minimum
526 2878 660 2934 sumtum
679 2873 790 2933 missas
806 2870 932 2948 facere,
957 2869 1071 2936 nullus
1094 2872 1200 2953 absque
1210 2886 1246 2949 p*

206 2969 288 3030 tenti
303 2977 458 3047 proventu
474 2969 640 3035 molestiae
657 2972 800 3036 minister
817 2979 849 3035 et
865 2972 1024 3037 sacerdos
1044 2996 1119 3037 oum
1134 2969 1245 3051 cooperi.

206 3069 391 3147 imperfecta
418 3068 521 3135 officia
546 3082 726 3152 praesumat
751 3072 879 3136 omnino
905 3071 1106 3154 relinquere.
1152 3073 1182 3136 Si
1201 3068 1243 3149 qli

208 3167 285 3233 haec
304 3181 459 3236 temerare
475 3177 710 3254 praesumserit,
730 3177 1077 3241 excommunicationis
1095 3172 1239 3240 sensati·
1260 3218 1282 3275 Μ

207 3274 384 3338 sustinebit.

438 3427 475 3492 C.
493 3428 552 3491 lll.
596 3427 655 3494 Ex
676 3428 815 3493 Concilio
836 3380 1046 3507 Toutapos).

293 3542 450 3619 Quoniam
473 3546 533 3610 huo
549 3567 647 3628 usque
666 3546 839 3611 dissolutae
857 3551 1059 3626 operationis
1083 3541 1231 3611 affatui
1253 3520 1282 3679 ἱ(

275 3718 303 3762 c.
321 3718 362 3766 [Π.
398 3714 426 3784 c)
444 3721 522 3769 conc.
537 3720 619 3769 Tolet.
633 3721 678 3780 X.,
697 3718 755 3770 hab.
769 3736 828 3770 ann.
842 3722 914 3782 656„
935 3736 958 3769 c.
973 3724 998 3768 6.
1012 3712 1230 3770 -Burclul'lllls
1251 3744 1282 3773 κ

206 3780 468 3908 lgeffinzaqqsp,
482 3788 744 3853 retrusissem),
759 3785 946 3854 x1.1ro.pu.),
962 3791 1030 3839 con.
1040 3795 1073 3839 tr.
1082 3788 1183 3851 pust.
1193 3778 1229 3831 es,

249 3947 281 4006 C.
302 3948 337 4006 ll.
366 3952 399 4025 3)
422 3963 509 4013 notu:
532 3956 609 4035 Hisp.
635 3959 714 4018 Grai.
758 3960 904 4018 nedr‘etio:
926 3956 1009 4036 Hisp.
1037 3966 1068 4031 6)
1083 3954 1227 4043 radium
1249 3922 1279 3970 δ’.

206 4034 237 4107 d)
256 4033 298 4090 sio
323 4035 533 4096 emendavimus
557 4062 593 4099 ex
616 4044 713 4120 Hisp.;
760 4044 838 4103 Grnt.
868 4044 1012 4111 (ruditum
1044 4055 1090 4102 et:
1121 4041 1188 4099 deest
1207 4028 1226 4086 tl

206 4119 334 4176 honores
352 4121 522 4180 uitiosorum
541 4128 715 4203 Haimoni—
759 4140 789 4187 et
816 4126 923 4203 Hisp.).
979 4134 1017 4199 7)
1047 4129 1110 4188 cibi
1125 4128 1226 4206 pollii*
1259 4143 1282 4198 [a

206 4204 307 4261 dentr'o
334 4206 421 4262 etium
445 4210 547 4265 roveri
569 4213 714 4272 sollicite:
759 4212 936 4292 quamlibet:
957 4211 1039 4292 Hisp.
1248 4216 1251 4221 ’

206 4285 277 4345 Cod.
296 4308 414 4365 prorsus
434 4304 582 4372 corrupte.
611 4301 642 4370 5)
663 4297 714 4354 be·
