2594 4898
184 332 231 394 7⁰
452 324 621 388 REGIND
644 324 776 384 LIBER
797 324 970 385 PllllllUS.

184 506 248 578 est,
274 504 311 561 ut
331 494 437 559 nullus
454 495 602 558 sacerdos
628 514 684 556 eus
710 510 862 574 personas
888 493 1095 571 feminarum,
1122 492 1208 555 sicut
1221 498 1254 555 ot

184 603 216 662 in
234 619 355 663 canone
371 599 523 660 insertum
543 597 737 672 continetur,
758 595 797 656 de
816 594 927 672 quibus
941 594 1078 673 suspicio
1098 613 1173 656 esse
1186 601 1253 673 pot·

184 708 248 782 est,
275 704 306 763 in
329 700 422 762 domo
444 721 502 762 sua
527 697 658 770 habeat3
684 696 740 758 sed
767 716 868 775 neque
895 694 983 775 illas‘,
1010 716 1087 774 quas
1115 691 1252 759 canones

185 804 379 881 concedunt,
408 803 496 884 (quia
521 801 695 882 instigante
721 796 849 861 diabolo
876 799 974 859 etiam
999 799 1032 859 in
1058 795 1122 861 illis
1149 794 1251 859 scelus

184 907 366 986 frequenter
386 909 600 982 perpetratum
615 902 792 980 reperitur,
820 899 988 962 autetiam
1005 900 1037 960 in
1055 898 1253 980 pedissequi

183 1006 323 1088 illarum)
343 1004 463 1068 scilicet
480 1012 623 1082 matrem,
643 1003 783 1082 amitam,
801 1022 954 1064 sororem.
991 999 1064 1078 Sed,
1084 1002 1113 1063 si
1130 1001 1201 1079 quis
1213 992 1251 1063 de

184 1108 233 1171 bis
251 1107 397 1170 habuerit
415 1105 511 1168 talem
531 1106 750 1167 necessitatem
772 1104 960 1182 patientem,
986 1104 1037 1164 cui
1054 1104 1097 1164 sit
1115 1104 1251 1165 necessi·
1289 1156 1291 1161 .

184 1218 233 1273 tas
261 1209 449 1272 sustentatio
478 1207 673 1287 presbyteri,
701 1204 818 1267 habeat
840 1208 872 1267 in
892 1208 960 1267 vico
979 1213 1034 1267 aut
1051 1206 1083 1265 in
1102 1202 1181 1266 villa
1199 1204 1250 1265 do·

185 1334 270 1374 mum
295 1311 389 1393 longe
409 1333 427 1371 a
444 1309 620 1389 presbyteri
648 1309 888 1369 conversatione
912 1314 945 1368 et
966 1307 1010 1368 ibi
1033 1308 1078 1367 eis
1098 1304 1248 1368 submini-

184 1421 279 1490 stret,
298 1434 378 1492 quae
396 1412 574 1474 necessaria
591 1417 674 1471 sunt.
711 1408 776 1470 Sed
794 1407 904 1471 etboo
922 1407 1094 1471 secundum
1117 1409 1250 1469 auctori·

80 1502 90 1509 ’
185 1506 283 1577 tatem
303 1514 540 1596 canonum293)
559 1512 661 1573 modis
680 1510 825 1573 omnibus
842 1510 1088 1592 prohibendum,
1114 1507 1249 1572 utnulla

185 1602 303 1678 femina
321 1615 360 1676 ad
379 1613 479 1676 altaro
497 1621 678 1690 praesumat
700 1615 853 1686 accedere
876 1621 929 1675 aut
950 1611 1139 1694 presbytero
1164 1612 1251 1673 mini-

186 1724 288 1780 strare
307 1723 362 1777 aut
379 1716 463 1778 infra
480 1713 637 1778 cancellos
655 1723 741 1778 stare
758 1722 813 1778 aut
829 1716 952 1777 sedere.

128 1935 176 1981 105
312 1899 350 1965 C.
371 1898 454 1965 CVI.
491 1900 545 1965 De
561 1903 730 1967 visitandis
746 1902 881 1982 infirmis
898 1924 920 1966 a
931 1900 1130 1985 presbytero.

573 2039 679 2103 Unde
705 2037 868 2121 suprae).

273 2157 353 2221 Cum
370 2148 517 2220 sacerdos
536 2156 685 2236 audierit,
705 2156 839 2238 aliquem
856 2155 1011 2220 infirmari
1027 2158 1060 2218 in
1078 2178 1138 2219 sua
1151 2154 1250 2237 plebe,

186 2284 279 2342 quam
298 2262 390 2323 citius'
407 2260 445 2322 ad
465 2281 537 2322 eum
553 2268 680 2343 pergat,
700 2268 733 2322 et
749 2262 910 2342 ingressus
930 2257 1122 2337 cubiculum,
1143 2249 1252 2337 aquarn

185 2363 385 2427 benedictam
410 2384 504 2441 super
530 2384 601 2424 eum
628 2369 661 2424 et
685 2383 741 2441 per
767 2383 860 2423 omne
887 2358 1063 2424 cubiculum
1096 2366 1251 2444 aspergat,

186 2488 256 2528 cum
275 2465 465 2544 antiphona:
492 2464 654 2548 Asperges
671 2485 719 2526 me
736 2461 872 2526 Domine
894 2471 926 2526 et
947 2483 1054 2526 versu:
1081 2460 1253 2546 Exsurget

185 2566 286 2632 Deus.
313 2566 439 2629 Deinde
454 2567 538 2629 dicat
556 2566 747 2629 orationem:
766 2563 867 2643 Deus,
887 2572 944 2650 quc·
958 2563 1175 2628 sacerdotibus
1194 2569 1253 2628 ταῶ

186 2679 312 2742 tactam
332 2689 416 2751 prae
448 2675 565 2731 ceteris
592 2675 736 2750 gratiam
767 2670 940 2731 contulisti.
992 2665 1117 2729 Deinde
1150 2671 1255 2730 cantet

185 2780 306 2849 septem
323 2766 462 2850 psalmos
482 2791 550 2831 cum
568 2768 712 2848 precibus
730 2791 787 2849 pro
810 2766 1036 2855 infirmis294).
1071 2766 1151 2831 Post
1177 2767 1253 2830 baec
1278 2816 1286 2830 .

186 2891 296 2932 omnes
314 2869 421 2932 iubeat
440 2880 533 2932 extra
555 2870 729 2933 cubiculum
754 2872 918 2949 secedere,
947 2878 980 2933 et
1002 2872 1253 2950 appropinquans

185 2970 286 3048 lecto,
305 2991 367 3051 qno
384 2969 527 3033 infirmus
545 2971 719 3049 decumbit,
740 2994 812 3035 eum
837 2972 952 3035 blande
974 2971 1151 3050 leniterque
1177 2970 1254 3034 allo·

187 3080 314 3151 quatur,
346 3080 380 3135 ut
399 3093 524 3134 omnem
546 3094 634 3152 spem
652 3095 741 3135 suam
759 3076 791 3136 in
809 3072 881 3136 Deo
899 3081 1010 3153 ponat,
1037 3080 1072 3135 ut
1094 3071 1254 3156 flagellum

185 3170 250 3239 Dei
274 3175 432 3252 patienter
454 3172 586 3253 toleret,
612 3180 649 3236 ut
667 3173 745 3237 haec
765 3175 804 3237 ad
822 3160 1042 3260 purgationem
1065 3183 1098 3236 et
1120 3177 1254 3259 castiga·

186 3277 307 3338 tionem
324 3297 413 3338 suam
435 3278 602 3354 provenire
627 3277 750 3356 credat,
778 3286 814 3340 ut
829 3285 962 3356 peccata
978 3299 1036 3340 sua
1054 3274 1253 3355 confiteatur,

186 3385 221 3441 ut
238 3378 491 3441 emendationem
508 3380 689 3458 promittat,
713 3381 741 3441 si
757 3377 914 3441 Dominus
932 3380 1032 3441 vitam
1050 3380 1254 3456 concesserit,
1287 3438 1291 3455 ,

185 3483 414 3559 poenitentiam
430 3503 487 3561 pro
506 3479 602 3561 culpis
622 3483 797 3544 commissis
811 3480 980 3560 spondeat,
998 3487 1034 3543 ut
1047 3479 1255 3545 substantiam

185 3602 291 3659 suam,
310 3581 383 3644 dum
402 3581 506 3645 adhuc
524 3604 635 3646 sensus
653 3590 686 3645 et
701 3584 784 3645 ratio
802 3585 835 3644 in
854 3603 893 3645 eo
912 3584 1014 3664 viget,
1040 3581 1207 3661 disponat,
1222 3586 1261 3643 nt.

185 3690 318 3759 peccata
330 3702 389 3743 sua
406 3681 617 3764 eleemosynis
634 3684 778 3771 redimat,
796 3692 832 3747 ut
849 3683 910 3763 his,
929 3684 981 3763 qui
997 3685 1031 3746 in
1047 3704 1083 3747 se
1102 3703 1254 3764 peccare·

186 3870 286 3915 certum
305 3867 367 3916 enti
386 3872 446 3917 runt
463 3869 544 3929 enim,
563 3873 720 3933 quiam„
738 3873 796 3933 alli,
812 3873 956 3932 quiesco.
974 3873 1071 3921 factum
1083 3876 1257 3927 essecoutu·

185 3936 261 3994 dent3
279 3941 349 3983 certe
367 3938 469 3995 quidem
485 3940 623 3990 Benedicto
632 3942 722 3988 Levita
731 3942 861 4003 antiquins
874 3946 939 4002 esst,
952 3942 979 3988 in
989 3942 1063 3989 eninr
1071 3942 1257 4002 Capitulum

185 4004 240 4051 Lib.
257 4006 300 4052 ΙΙΙ.
318 4005 459 4055 duobuiur
477 4009 587 4055 concilii
609 4023 724 4056 canones
741 4011 872 4071 leguntur.
897 4035 933 4045 -
959 4010 1052 4059 Bnrcb.
1067 4012 1101 4059 ΙΙ.
1119 4014 1180 4063 116.
1196 4011 1257 4073 (R),

186 4072 262 4121 Dect.
271 4072 313 4120 vi.
324 4074 372 4119 192
382 4069 449 4139 (B.);
468 4076 501 4122 cl.
512 4076 604 4124 Bened.
614 4076 723 4136 capitul.
732 4079 788 4126 Lib·
797 4080 840 4127 111.
849 4094 872 4127 c.
881 4081 941 4126 3¹16.
1001 4078 1006 4083 ”

254 4141 282 4186 c.
300 4140 362 4187 cvl.
398 4144 423 4201 c)
433 4140 496 4190 lbid.
508 4157 530 4190 c.
540 4145 564 4189 4.
573 4171 607 4179 -
625 4145 820 4194 lincolnxvlll.
831 4146 955 4209 intuitio,
974 4146 1030 4194 nine
1039 4147 1121 4195 inser.

230 4276 262 4345 C,
287 4275 361 4336 cvl.
399 4281 473 4351 294)
493 4279 608 4338 Deinde
631 4281 765 4340 litaniam
784 4292 902 4342 cantet:
933 4281 1001 4343 add.
1025 4280 1132 4341 Bnrclr.
1210 4300 1214 4307 ·
