2594 4898
190 337 263 402 996
434 331 598 395 nummo
621 331 754 392 LIBER
772 331 1015 392 SECUNDUS.

188 507 309 568 tionem
345 503 512 564 occasione
548 502 678 564 divortii
714 501 875 563 cuiusdam
907 521 1039 562 servum
1068 519 1106 562 oo
1137 500 1255 579 fecerit,

188 612 293 668 utrum
319 605 499 666 necessario
524 601 686 666 mulierem
713 608 823 665 tenere
845 601 976 680 debeat,
1004 603 1088 679 etsi
1109 606 1256 682 tenuerit,

188 713 297 786 utrum¹
310 703 366 767 iila
384 725 505 783 quoque
522 704 692 767 secundum
709 701 885 767 secularem
900 702 1014 787 legem.
1020 705 1173 767 servituti
1188 704 1256 767 sub·

187 809 242 870 iici
258 805 389 869 debenti
415 805 590 869 iudicatum
609 811 674 884 est,
696 827 831 868 uxorem
849 805 1116 869 minimedebere
1135 805 1255 884 dimitti,

189 930 253 973 non
270 914 378 971 tamen
396 907 437 970 ob
456 905 576 982 Christi
591 904 695 990 legem
712 906 875 971 mulierem
892 909 925 969 iu
942 909 1133 970 servitutem
1149 907 1254 990 redigi,

188 1011 263 1072 dum
275 1008 330 1071 ille
340 1031 404 1073 non
418 1030 461 1072 ex
470 1029 626 1072 consensu
640 1011 782 1092 coniugis
795 1030 831 1072 oe
840 1008 1070 1089 servum-fecit,
1084 1013 1254 1089 quem452)

118 1120 120 1125 “
188 1110 323 1175 liberum
339 1112 488 1203 meritum
505 1120 671 1191 acceperat
683 1115 767 1186 ⁴⁵³).

471 1295 508 1361 c.
531 1295 630 1383 ccv.
673 1296 759 1366 nem
776 1300 816 1362 ae
833 1303 973 1362 noento.
1001 1274 1004 1279 ’

588 1433 647 1495 Ex
668 1402 798 1495 eodem
812 1441 850 1513 ⁸).

273 1550 355 1614 Item
371 1552 543 1613 indicatum
562 1559 621 1628 est,
644 1551 798 1631 quendam
816 1561 976 1630 stuprasse
986 1551 1156 1630 'quandam
1173 1553 1255 1615 femi·

188 1673 279 1729 nam,
307 1673 398 1731 quam
415 1659 528 1731 postea
544 1652 643 1715 frater
661 1655 728 1715 eius
746 1655 867 1733 accepit
883 1673 1039 1714 uxorem
1073 1651 1256 1718 Statuernnt

189 1775 276 1831 eum,
304 1757 355 1832 qui
377 1756 531 1832 stupravit
553 1759 586 1817 et
607 1777 627 1816 a
649 1775 684 1816 se
710 1761 883 1833 stupratam
907 1754 1001 1818 fratri
1026 1754 1164 1835 celavit,
1191 1758 1256 1836 qnia

187 1856 359 1938 geminavit
383 1862 563 1935 peccatum,
598 1857 793 1936 poenitentia
820 1841 1005 1919 districtiori
1030 1859 1256 1941 castigandum,

188 1958 368 2039 coniugium
384 1956 450 2019 tale
469 1955 599 2020 dissolvi
617 1965 778 2037 oportere,
806 1967 839 2022 et
860 1956 982 2020 mulieri
1003 1952 1134 2038 quidem
1152 1962 1197 2023 eis
1212 1963 1256 2021 vi·

188 2057 333 2121 ventibus
351 2079 415 2121 non
432 2058 503 2121 iore
515 2062 589 2141 ⁴⁵4)
607 2064 798 2139 potestatem
815 2059 969 2150 nubendi,
991 2058 1056 2124 illi·
1075 2068 1186 2125 autem
1203 2083 1257 2143 pro

188 2160 405 2223 misericordia
423 2161 603 2244 coniugium
621 2158 785 2245 indulgere
797 2163 880 2245 ⁴⁵5).

130 2345 225 2411 2⁰50.
248 2345 364 2410 CCVI.
408 2345 448 2411 So·
463 2356 535 2435 quir
558 2370 626 2413 com
637 2349 719 2429 filio
740 2359 936 2414 materterae
956 2370 1034 2414 moe
1052 2360 1088 2415 et
1105 2362 1169 2418 cet.
1189 2373 1257 2416 cen·
1291 2438 1293 2457 Ι

644 2449 798 2516 cubuerit.

593 2586 650 2650 Ex
673 2554 850 2662 eodemi).
902 2598 904 2603 ’

272 2702 353 2767 Item
374 2707 603 2790 interrogatum
624 2706 699 2786 fuit,
726 2708 754 2769 si
781 2709 848 2786 quis
876 2729 944 2769 cum
970 2702 1043 2770 fitia‘
1064 2716 1256 2773 materterae

188 2827 263 2866 suae
281 2804 331 2867 vel
350 2806 512 2883 avunculi,
536 2809 651 2870 amitae
668 2806 721 2870 vel
739 2811 841 2886 patrui
859 2802 1077 2887 concubuerit,
1103 2813 1132 2873 si
1151 2814 1255 2874 coniu-

187 2912 279 2989 gatus
296 2906 403 2995 iuerit,
421 2905 557 2970 liceatne
575 2907 623 2970 illi
640 2908 770 2972 ulterius
788 2913 832 2972 uti
853 2913 1009 2992 coniugio,
1030 2917 1166 2975 autnon
1187 2935 1254 2975 con-

187 3008 294 3087 iugato
312 3028 447 3070 uxorem
465 3009 626 3088 acciperet
644 3009 767 3072 Iustum-
783 3022 877 3090 esset,
896 3015 978 3074 sicut
995 3011 1103 3093 aliqua
1120 3017 1253 3094 priorum

187 3113 306 3170 statuta
324 3107 481 3172 habentur
492 3114 577 3190 ⁴⁵⁶),
595 3114 678 3174 utin
697 3121 881 3192 perpetuom
899 3136 917 3174 a
937 3117 1084 3198 coniugio
1098 3115 1183 3179 tales
1202 3116 1253 3179 ab·

186 3210 335 3278 stineant·
381 3208 492 3274 Visum
516 3221 565 3276 est
586 3209 742 3275 humanae
764 3213 945 3298 fragilitatis
967 3218 1100 3295 intuitu,
1129 3227 1166 3282 ut
1186 3231 1252 3298 post

186 3407 398 3418 —u——m

255 3522 282 3568 C.
301 3521 371 3569 CCV.
390 3519 413 3582 r)
431 3524 519 3568 canon
533 3524 706 3572 Triburienrta
725 3525 837 3572 eiusdem
856 3528 971 3585 generis,
990 3529 1020 3574 ut
1034 3531 1204 3588 anteceicur3
1220 3528 1246 3574 cf·
1279 3527 1293 3563 ¹³

187 3589 264 3635 Cone.
275 3588 376 3635 Tribur.
385 3588 442 3636 hab.
453 3603 513 3638 anu.
524 3592 581 3638 895.
592 3606 614 3637 c.
624 3594 665 3639 44.
675 3597 701 3638 et
712 3593 794 3640 Beier.
805 3606 829 3651 p.
841 3597 900 3642 169.
908 3622 936 3628 -
949 3595 1130 3647 Burclr.XV11.
1142 3600 1182 3646 15.
1192 3593 1244 3661 (u),
1289 3606 1293 3633 ’-

186 3654 365 3704 Decr.1X.75.
378 3651 441 3719 (B.):
462 3657 506 3704 Er
517 3659 593 3707 Cone.
604 3660 754 3706 Matiscone.
766 3677 787 3708 c.
799 3665 821 3709 5.

255 3723 282 3768 C.
301 3724 383 3772 ccvi.
401 3725 423 3780 t)
442 3727 529 3773 Canon
545 3728 645 3775 Tribur.
660 3733 688 3774 ut
703 3743 793 3787 suprn;
813 3731 846 3777 ci.
862 3730 944 3778 Beitr.
958 3731 976 3778 Ι.
990 3731 1007 3776 1.
1021 3757 1054 3767 -
1073 3732 1244 3781 Boreum.
1287 3728 1293 3756 '¹

188 3789 228 3834 2⁰.
237 3785 299 3852 (R),
309 3791 384 3837 Decr.
394 3793 438 3842 IX.
449 3789 566 3857 'ta-(Dp.
1288 3802 1293 3842 ξ

230 3937 262 3994 C.
278 3938 377 3996 CCIV.
392 3947 465 4010 452)
483 3948 548 4020 qui.-
567 3945 695 4018 Hetmst.,
741 3950 801 4007 citt.
848 3956 921 4023 455)
943 3953 997 4008 sed
1018 3971 1082 4011 eom
1098 3954 1243 4031 poeniteo·
1287 3954 1293 4031 ξ

187 4041 277 4098 quae.-
308 4022 382 4081 flod.
427 4032 502 4098 453)
531 4031 595 4105 ipsa
621 4052 693 4089 reor.
741 4033 948 4095 timasium.
1285 4032 1288 4038 ’

186 4110 318 4184 accepit:
342 4108 414 4165 Coit.
434 4112 494 4167 citt.
783 4119 815 4176 C.
841 4119 940 4179 CCVI.
964 4126 1045 4194 456)
1070 4125 1242 4184 habeantur:
1272 4110 1276 4143 ²

228 4190 260 4249 C.
302 4192 386 4253 CCV.
428 4194 504 4275 454)
549 4217 694 4276 'tunquam
740 4203 814 4262 Hitd.
836 4203 899 4277 Bal„
1285 4217 1290 4247 ²

185 4277 257 4339 dare
291 4281 355 4348 (eir
386 4283 458 4339 oia:
496 4289 583 4354 om.):
620 4285 693 4342 Coti.
