2594 4898
192 366 264 429 m
440 361 608 424 fluctuo
626 359 759 420 LIBER
779 359 1020 422 SECUNDUS.

149 551 180 594 rr
192 532 228 599 C.
246 531 408 597 LXXVI.
452 531 507 595 De
520 551 631 615 pugna
649 530 793 606 dueum,
811 529 896 615 quod
910 535 1016 592 nostre·
1031 549 1179 613 campum
1191 531 1253 614 ¹⁶³)

233 639 411 720 appellunt,
430 634 514 721 qued
524 654 586 717 pro
603 640 760 716 imputato
776 631 937 694 adulterio
954 633 1039 696 colet
1055 640 1217 698 exerceri.

219 773 276 835 Ex
295 769 460 851 epistola
477 767 630 832 Nicolai
647 766 769 847 Papae
788 758 833 829 ad
851 764 1036 829 Karolum
1053 764 1229 851 regeml).

274 888 533 953 Monomachiam
564 908 640 963 vero
672 887 705 948 in
731 884 803 968 lege
830 907 895 948 non
925 886 1134 965 assumimus,
1171 907 1254 967 quam

189 1000 388 1072 praeceptam
416 991 513 1052 fuisse
540 1010 604 1051 non
630 988 804 1067 reperimus
819 988 907 1070 164),
936 972 1028 1066 quam
1051 985 1131 1050 licet
1153 989 1252 1051 iniisse

191 1096 342 1173 quosdam
365 1093 550 1176 legerimus,
574 1092 655 1153 sicut
677 1096 819 1151 sanctum
836 1085 943 1150 David
965 1096 998 1151 et
1015 1087 1150 1152 Goliam
1172 1111 1253 1152 saera

189 1196 294 1275 prodit
311 1195 458 1271 historie,
482 1213 634 1271 nusquam
651 1197 772 1268 tamen,
795 1198 831 1253 ut
848 1211 904 1271 pro
923 1189 995 1273 lege
1012 1195 1181 1270 teneatur,
1202 1189 1253 1252 ali-

190 1297 259 1365 cubi
283 1297 389 1359 divina
411 1296 512 1358 sancit
534 1295 720 1370 auctoritas,
744 1313 814 1354 cum
835 1289 898 1354 hoc
915 1299 953 1355 et
969 1289 1193 1356 huiuscemodi
1209 1312 1253 1355 se·
1289 1376 1291 1385 .

189 1398 312 1462 clautes
331 1396 435 1460 Deum
452 1395 649 1470 solummodo
666 1400 789 1456 tentare
806 1393 984 1456 videantur.

147 1584 179 1626 rs
229 1594 232 1600 ·
416 1565 651 1630 c.Lxxv11.
697 1565 780 1629 Item
798 1565 963 1630 decadem
980 1586 1027 1628 re.

499 1700 562 1791 Ex·
579 1699 708 1762 cadem
726 1698 894 1781 epistola
908 1698 941 1784 ἓ).

272 1818 395 1882 Verum
426 1821 508 1882 sicut
537 1817 707 1881 multorum
737 1818 841 1882 relatu
867 1818 1050 1898 didicimuS‚
1082 1817 1251 1884 Lotharius

187 1941 247 1982 rex
279 1928 468 1984 conventum
500 1919 661 1985 celebrare
687 1921 842 2000 disponit,
874 1928 907 1985 et
943 1919 1251 2006 Thietbirgam1⁶⁵)

187 2023 329 2104 reginam
347 2025 484 2085 examini
502 2025 630 2103 proprio
650 2030 682 2085 ct
699 2024 816 2084 iudicio
834 2022 989 2087 subiicere
1006 2022 1198 2102 meditatur,
1224 2030 1252 2085 et
1289 2088 1291 2095 ,

186 2124 214 2185 si
232 2123 355 2202 quidem
375 2146 444 2186 eam
460 2126 638 2206 praestigiis
657 2122 807 2187 falsitatis
825 2145 901 2187 suae
915 2123 988 2207 ¹1⁵⁶)
1006 2128 1152 2202 potuerit
1167 2124 1251 2188 exhi-

185 2223 278 2303 bere,
299 2228 387 2304 quasi
405 2248 469 2289 non
486 2226 582 2289 fuerit
598 2225 741 2309 legitima
759 2240 817 2287 sua
834 2246 934 2305 uxor,
952 2223 1020 2287 vult
1039 2246 1113 2288 eam
1131 2230 1249 2307 penitus

185 2347 205 2390 a
222 2347 257 2388 se
275 2322 484 2406 sequestrare.
529 2326 586 2390 Sin
604 2335 725 2406 autem,
743 2324 811 2389 vult
829 2349 900 2389 eam
917 2334 1077 2406 tamquam
1094 2330 1250 2408 propriam

183 2438 318 2491 uxorem
336 2428 504 2491 admittere
519 2431 605 2507 ¹⁶⁷),
625 2429 679 2490 sed
699 2428 829 2507 deinde,
853 2430 942 2507 quasi
959 2426 1130 2492 moechata
1148 2430 1250 2507 fuerit,

183 2529 380 2608 insimulare,
401 2538 494 2609 atque
511 2551 569 2610 pro
583 2530 654 2612 168)
672 2529 734 2593 hoc
752 2527 910 2592 hominem
929 2550 1017 2593 suum
1042 2536 1074 2592 et
1090 2528 1251 2593 hominem

184 2627 388 2712 'l'hietbirgae
408 2632 447 2693 ad
465 2630 716 2694 monomachiam
733 2630 908 2710 impellere,
928 2633 1022 2709 et,·si
1041 2630 1139 2693 homo
1158 2634 1250 2712 ipsius

182 2732 310 2813 reginae
335 2733 495 2809 ceciderit,
528 2732 682 2810 disponit,
710 2731 793 2794 hanc
815 2735 884 2795 sine
907 2730 1059 2796 dilatione
1081 2736 1249 2812 perimere,

183 2852 262 2909 quae
287 2841 436 2910 quantum
458 2835 521 2894 sint
539 2834 625 2894 omni
645 2833 770 2896 divinae
788 2832 852 2918 legi
871 2836 1047 2913 contraria,
1066 2835 1248 2919 magnitudo

181 2933 368 3010 prudentiae
385 2943 528 3012 vestrae,
548 2934 719 3014 credimus,
737 2936 800 2998 iam
819 2935 968 2999 advertit.
1289 2926 1291 2933 ¹

443 3101 479 3168 C.
497 3103 690 3169 LXXVlll.
735 3107 790 3172 De
801 3108 988 3191 parricida.

504 3241 561 3304 Ex
579 3240 918 3331 Capitularibusl‘).
1040 3272 1044 3279 ·

266 3355 451 3438 Quicunque
473 3368 599 3440 propter
621 3361 823 3440 cupiditatem
843 3383 949 3424 rerum
966 3369 1089 3441 patrem
1109 3370 1166 3426 aut
1182 3385 1244 3426 ma·

247 3567 273 3611 c.
292 3567 408 3614 nxxvr.
436 3563 464 3626 n)
479 3569 535 3615 ser.
545 3581 604 3614 ann.
616 3568 820 3616 sou-nunu
830 3569 877 3617 rx.
888 3573 929 3618 51.
938 3565 1005 3634 (a),
1024 3570 1240 3618 naevium.
1287 3550 1291 3583 ³

178 3631 273 3748 (B‘ldss
284 3636 425 3750 llddvlrc
428 3669 433 3680 ’
444 3637 698 3762 dinis-nuru..
709 3704 753 3750 rx,
764 3706 804 3750 so.
815 3705 882 3765 (a),
898 3707 1049 3752 neenvrn.
1061 3708 1122 3756 116.
1133 3706 1192 3766 sa).
1272 3652 1276 3689 Ι

246 3770 272 3816 C.
291 3770 429 3816 LXXVIII.
464 3769 494 3836 k)
513 3772 623 3828 Capitul.
634 3773 761 3818 Wormat.
772 3787 817 3831 pro
827 3774 884 3832 lege
894 3773 1000 3820 habend.
1011 3787 1070 3819 ann.
1080 3776 1141 3820 829.
1153 3789 1174 3824 c.
1185 3775 1238 3819 2.-
1280 3773 1291 3823 ‘r

176 3835 269 3882 Bened.
281 3839 362 3896 Capit.
374 3839 434 3884 add.
445 3839 485 3884 lV.
496 3853 517 3884 c.
528 3840 597 3898 117.;
609 3840 662 3886 Lib.
673 3842 691 3887 l.
702 3841 778 3900 Legg.
790 3843 902 3901 liongob.
914 3842 952 3888 tit.
964 3844 1004 3888 10.
1015 3855 1038 3888 c.
1048 3843 1073 3889 4.
1264 3714 1274 3946 Ι

219 3953 252 4009 C.
270 3952 401 4011 LXXVI.
428 3957 498 4031 163)
509 3958 687 4032 capitulum:
727 3957 1236 4036 gam:Gollr.,l'ltitbergumeVienu,
1277 3972 1288 4002 ·ῑ-

175 4034 252 4093 llild.
300 4042 371 4108 164)
396 4040 425 4095 iu
454 4039 547 4114 legem
570 4045 685 4112 assumi,
734 4044 960 4121 Tdcctbirgum:
990 4045 1065 4121 orig.
1115 4049 1187 4116 166)
1213 4049 1237 4097 el
1278 4052 1291 4073 ''

175 4139 317 4196 nusquam
348 4133 542 4201 praeceptum
568 4121 682 4200 scisse,
730 4132 947 4204 argumentosis
965 4129 1159 4206 ernbcgidus:
1178 4123 1234 4185 add.
1275 4132 1291 4176 *a

173 4224 255 4282 rep..·
275 4208 349 4284 orig.
729 4213 804 4289 orig.
831 4219 902 4285 167)
913 4215 1082 4273 demittere:
1094 4213 1234 4273 Collcitt
1275 4221 1291 4260 t

217 4289 684 4370 c.nxxv11.165)rn·euur-
729 4297 804 4376 rsa)
818 4318 892 4375 per:
911 4296 973 4357 uu.
1260 4282 1291 4549 Ι
