2594 4898
117 388 154 431 vr
402 360 886 453 rnaarsrrororroms.
945 454 948 459 Ι

119 535 291 601 cbardiana
309 531 470 612 collectio,
492 529 556 596 loci
572 531 716 596 mendosi
735 537 829 612 atque
847 530 1012 612 depravati
1029 531 1184 614 originem

118 638 236 702 ducunt
258 659 302 701 ex
322 637 463 715 ratione,
487 657 547 716 qua
569 633 765 719 Reginonem
788 639 901 698 auctor
923 633 1124 712 excerpendo
1150 636 1184 696 in

117 761 208 805 suum
231 741 386 804 convertit
406 760 512 813 usum3
536 739 674 818 capitum
696 739 781 800 enim
803 736 1025 815 inscriptiones
1049 742 1081 798 et
1108 756 1184 797 con·

116 849 255 921 textum,
279 839 388 921 quales
410 839 532 924 Regino
556 839 702 918 exhibet,
726 845 782 903 aut
798 837 838 901 de
854 838 1011 901 industria
1028 835 1185 900 Burohar·

118 944 177 1010 dus
203 946 408 1026 permutavit,
435 941 648 1021 mutilavit*),
676 948 731 1004 aut
756 962 814 1021 per
839 939 1063 1024 negligentiam
1089 945 1184 1019 atque

116 1049 285 1126 incuriam,
322 1046 406 1126 quod
437 1045 560 1125 quidem
590 1052 756 1124 utrumque
786 1045 819 1105 in
850 1043 1056 1106 adnotatione
1091 1041 1184 1104 huius

116 1169 207 1212 meae
226 1149 374 1221 editionis
391 1149 469 1227 satis
481 1168 520 1215 su
543 1167 638 1227 etque
659 1145 812 1229 probasse
828 1143 906 1209 mihi
925 1145 1049 1211 videor.
1093 1140 1185 1217 Quae

118 1259 225 1314 autem
246 1248 418 1330 peculiaria
436 1169 618 1312 Bmchardo
642 1268 739 1328 opera
757 1253 907 1326 quantum
924 1247 958 1308 lu
975 1243 1112 1325 reliquas
1132 1268 1185 1308 ca·

116 1374 235 1416 nonum
253 1349 457 1415 collectiones
476 1352 676 1431 irrepserint,
696 1370 787 1412 nemo
807 1355 867 1427 est,
886 1350 939 1428 qai
956 1350 1086 1410 nesciat.
1109 1346 1185 1410 lvo·

116 1441 166 1521 uis
184 1453 356 1518 Decretum
375 1465 407 1516 et
424 1452 633 1532 Pannormia,
657 1449 810 1515 Collectio
830 1453 924 1514 trium
946 1452 1095 1530 partium,
1118 1449 1185 1513 An-

49 1607 53 1612 .
117 1555 210 1619 selmi
225 1555 397 1633 Lucensis,
416 1553 515 1633 aliae,
537 1553 650 1634 plenae
668 1551 731 1615 illis
750 1561 823 1616 sunt
841 1560 933 1632 atque
951 1553 1105 1630 refertae,
1128 1573 1186 1615 ne·

25 1692 33 1701 -
117 1678 176 1738 que
198 1659 244 1720 ita
266 1678 343 1720 sane
365 1658 480 1718 mirum
502 1676 573 1718 esse
594 1661 714 1735 potest,
738 1654 820 1734 quod
843 1656 875 1716 in
895 1653 1039 1718 Gratiani
1061 1675 1185 1738 quoque

114 1756 271 1836 Decreto,
306 1760 358 1838 qui
394 1779 438 1821 ex
468 1757 612 1821 omnibus
643 1754 706 1820 lllis
737 1757 904 1821 hauriebat
934 1756 1185 1836 collectionibus,

88 1858 361 1928 .Wonnatiensis
389 1858 533 1923 officinae
559 1880 680 1923 merces
707 1859 868 1940 permultis
894 1861 929 1922 in
949 1858 1028 1922 locis
1052 1860 1186 1922 manife-

116 1947 252 2027 stissime
271 1970 410 2026 exstant.
454 1962 558 2043 Atque
576 1962 628 2025 hic
647 1963 771 2041 quidem
789 1964 914 2026 nonnisi
930 1964 1028 2042 ipsius
1045 1961 1186 2046 Regino·

115 2066 165 2128 nis
183 2086 295 2145 opere,
317 2067 485 2129 innocente
503 2064 607 2128 malae
624 2063 718 2129 huius
737 2066 925 2130 conditionis
944 2087 1050 2143 causa,
1068 2065 1186 2128 menda

116 2167 300 2245 emendare,
328 2173 361 2230 et
385 2189 496 2231 veram
522 2175 616 2248 atque
641 2169 798 2254 integram
823 2165 1009 2247 lectionem,
1040 2159 1184 2247 inprimis

115 2269 198 2350 quod
221 2271 336 2332 attinet
357 2269 398 2332 ad
419 2271 655 2351 inscriptiones,
683 2291 874 2356 cognoscere
901 2291 1065 2351 possumus
1089 2275 1184 2351 atque

114 2372 294 2434 restituere.

200 2469 324 2550 Quodsi
340 2475 438 2559 igitur
454 2472 627 2560 Reginonis
646 2479 821 2540 auctoritas
840 2480 872 2539 et
888 2476 1083 2554 praestantia
1100 2476 1186 2565 inter

113 2573 219 2638 fontes
244 2577 321 2638 iuris
349 2577 493 2639 canonici
519 2579 629 2658 negari
654 2599 718 2640 non
741 2582 862 2657 potest,
890 2596 953 2638 non
976 2577 1045 2636 sine
1068 2596 1186 2658 magna

114 2697 210 2740 causa
231 2698 316 2739 nova
337 2679 405 2740 eius
428 2678 526 2741 editio
549 2675 798 2760 efflagitabatur,
832 2698 926 2757 quum
948 2679 1089 2756 priorum
1116 2678 1185 2742 edi·

113 2779 238 2841 tionum
256 2776 406 2858 exempla
423 2780 583 2842 rarissime
600 2785 722 2843 tantum
742 2776 845 2842 adhuc
864 2786 1040 2858 exstarent,
1060 2801 1186 2843 earum·

115 2901 175 2961 que
203 2879 294 2945 multi
319 2879 382 2944 loci
407 2881 613 2960 emendandi,
638 2882 821 2962 frequentes
843 2880 977 2946 lacunae
1005 2881 1185 2962 explendae

115 2988 236 3061 essent,
258 2980 355 3046 salvis
377 2990 484 3046 tamen
507 2981 679 3063 praeclaris
702 2983 828 3048 Baluzii
849 2987 882 3047 in
900 2982 1098 3068 Reginonem
1116 3005 1186 3047 me·

113 3085 196 3148 ritis!
220 3080 316 3158 Quod
337 3086 462 3166 quidem
479 3089 542 3150 iam
561 3085 674 3150 abhinc
691 3087 760 3150 lere
776 3087 877 3151 tribus
896 3089 987 3149 annis
1005 3095 1185 3166 susceptum

113 3187 275 3270 negotium
292 3189 351 3253 rix
368 3194 428 3267 est,
447 3189 533 3268 quod
550 3187 716 3253 absolvere
733 3190 905 3269 potuissem
925 3196 1018 3267 atque
1038 3191 1184 3268 exsequi,

112 3289 185 3368 nisi,
211 3295 249 3352 ut
273 3295 379 3353 tantos
406 3296 533 3370 tamque
552 3311 664 3375 graves
684 3293 788 3371 operis
805 3291 947 3354 fautores
970 3291 1184 3372 nanciscerer,

112 3389 191 3454 mihi
209 3393 406 3476 contigisset.
433 3391 606 3457 Plurimum
625 3395 708 3457 enim
727 3394 829 3458 debeo
847 3394 979 3476 insigni,
998 3414 1061 3472 qua
1079 3391 1184 3472 splen·

113 3491 182 3573 det,
206 3492 393 3559 clementiae
416 3502 510 3575 atque
531 3499 565 3559 in
588 3496 773 3560 adiuvandis
791 3495 954 3560 literarum
972 3496 1084 3557 studiis
1103 3493 1184 3558 libe·

111 3593 233 3658 ralitati
254 3594 328 3660 Viri
353 3594 580 3675 lllustrissimi,
607 3596 896 3676 Excellentissimi,
923 3595 1063 3662 Borcm's
1090 3594 1185 3661 Stein

112 3694 152 3760 ab
169 3697 370 3775 Attenetesn,
393 3694 489 3781 llegis
507 3697 677 3761 Berussiae
699 3699 852 3779 praefecti
870 3701 982 3763 summi
999 3701 1031 3762 in
1050 3699 1185 3762 admini-

112 3798 248 3863 strandis
266 3799 361 3864 rebus
379 3802 490 3879 sacris,
508 3801 748 3867 medicinalibus
767 3809 799 3866 et
816 3801 1027 3881 scholasticis,
1047 3805 1099 3886 qui
1113 3803 1185 3884 qui-

111 3962 324 3977 *u——n

180 4054 206 4122 ')
225 4059 281 4105 lluc
296 4073 318 4106 e.
332 4074 357 4119 g.
370 4060 500 4119 pertinent
509 4054 654 4122 fragmenta
664 4076 696 4110 cx
708 4059 902 4123 capitularibus
913 4076 1001 4122 regum
1010 4063 1183 4124 Francorum,

111 4138 177 4183 usse
196 4132 301 4186 propter
323 4129 459 4177 ridiculum
479 4136 570 4179 contra
584 4134 738 4190 potestatem
756 4130 900 4181 seculsrem
922 4131 1039 4180 odiuma
1057 4131 1183 4178 Worma-

110 4193 188 4246 ticssi
196 4195 247 4244 isto
257 4197 425 4256 compilatore
435 4213 565 4258 nuuuosm
575 4214 651 4249 verae
660 4200 810 4249 tribuuntur
818 4199 927 4260 origini,
946 4200 992 4249 scd
1000 4213 1102 4260 semper
1112 4202 1185 4248 cou-

70 4278 77 4293 ·
110 4261 173 4315 silio
188 4263 304 4324 cuidam,
322 4266 501 4317 Asrctisaeusi
519 4268 647 4329 muisis,
664 4269 752 4328 malsc
770 4269 935 4321 securitatis
952 4269 1044 4328 quovis
1062 4267 1185 4319 extincto

110 4332 233 4395 vestigio,
245 4332 417 4384 vindicantur.
