2594 4898
181 352 250 417 194
462 347 632 412 austun
649 346 782 409 LIBER
800 346 972 433 Fuluus

183 517 416 600 provehantur,
451 538 510 580 nec
536 518 575 580 de
602 516 660 580 tali
686 517 834 600 coniugio
860 515 1004 599 generati
1031 513 1247 581 ecclesiasticis

186 621 348 684 ordinibus
366 618 576 698 applicentur,
605 620 665 682 nisi
682 618 765 682 forte
789 638 845 681 eos
864 624 920 680 aut
937 618 1081 681 maxima
1097 617 1247 684 ecclesiae
1288 642 1291 673 =

185 722 307 786 utilitas
325 728 358 784 et
375 722 565 800 necessitas,
592 728 647 784 aut
673 720 802 782 evidens
824 722 1009 783 meritorum
1029 723 1248 805 praerogativa

186 823 394 887 commendet.

58 1007 108 1054 411
127 1006 177 1052 418
423 989 459 1054 C.
478 989 725 1055 CCCCXXIX.
773 989 828 1054 De
845 991 954 1054 endem
971 1012 1018 1054 re.
1044 1014 1048 1018 ·

519 1126 577 1188 Ex
598 1124 681 1210 lege
704 1124 918 1210 Romanas).

275 1244 310 1308 Si
332 1247 400 1325 quis
423 1245 561 1309 incestas
584 1253 639 1308 aut
659 1246 796 1307 nefarias
815 1246 939 1324 nuptias
957 1245 1078 1323 inierit,
1097 1267 1159 1309 nec
1177 1266 1250 1309 uxo-

187 1369 256 1412 rem
273 1346 392 1409 habere
415 1346 539 1410 videtur
560 1367 620 1408 nec
636 1344 731 1409 filios.
776 1344 860 1409 Nam
877 1345 929 1423 hi,
945 1348 997 1425 qui
1014 1368 1058 1409 ex
1075 1345 1252 1411 huiusmodi

188 1451 397 1528 conceptione
410 1448 482 1510 nati
498 1448 627 1526 fuerint,
646 1449 788 1527 quamvis
802 1449 968 1510 videantur
981 1450 1119 1532 nascit),
1137 1457 1252 1528 patrem

188 1548 369 1614 nullatenus
395 1548 514 1611 habere
541 1555 724 1626 censentur,
740 1555 787 1623 *et-
809 1555 958 1628 tanquam
984 1551 1012 1610 si
1038 1547 1079 1612 de
1103 1549 1252 1614 udulterio

145 1710 148 1714 .
189 1652 333 1728 concepti
349 1649 500 1727 fuissent,
520 1649 717 1728 deputantur.
752 1649 816 1712 Eos
830 1650 901 1732 69θ)
919 1652 1042 1729 itaque,
1060 1671 1142 1730 quos
1159 1650 1252 1732 publi·

190 1773 248 1814 cae
274 1749 361 1834 leges
388 1771 452 1812 uon
480 1750 663 1828 admittunt,
690 1751 748 1814 sed
772 1749 859 1814 velut
879 1751 1030 1815 infamiae
1051 1751 1191 1816 macariis
1211 1775 1253 1817 re·

190 1873 316 1932 spersos
342 1858 512 1931 respuunt,
548 1859 581 1916 et
608 1854 697 1932 quasi
723 1852 896 1935 degeneres
923 1852 1119 1932 despiciunt,
1157 1853 1253 1918 eccle·

190 1955 321 2017 siastica
347 1954 481 2037 dignitas
503 1952 681 2016 nuliatenus
704 1955 831 2032 recipit,
857 1956 1045 2033 praesertim
1077 1977 1152 2018 omn
1183 1953 1252 2020 nihil

190 2053 384 2119 maculosum
392 2053 465 2118 Deo
482 2056 543 2117 rite
559 2057 661 2135 possit
678 2055 788 2117 offerri
804 2059 855 2118 vel
868 2057 935 2118 eius
948 2058 1079 2119 servitio
1095 2056 1250 2137 applicari.

132 2239 182 2285 41⁹
218 2219 255 2286 C.
275 2220 509 2287 CCCCXXX.
561 2221 606 2287 Ut
621 2225 726 2289 nullus
743 2226 879 2289 alteriue
896 2231 1053 2310 suomptat
1069 2227 1229 2292 clericum.

421 2357 466 2422 ln
484 2358 691 2423 canonibus
708 2359 975 2440 Apostolorum
987 2357 1025 2447 f).

277 2478 467 2559 Episcopus,
495 2477 578 2557 apud
604 2499 697 2558 quem
721 2487 862 2543 moratos
885 2478 1016 2543 clericos
1038 2477 1175 2546 alterius
1192 2501 1251 2545 esse
1282 2474 1285 2489 '

192 2582 384 2658 constiterit,
410 2580 439 2648 si
460 2587 572 2642 contra
593 2601 649 2643 eos
672 2580 831 2643 decretam
853 2583 1062 2644 cessationem
1080 2603 1140 2662 pro
1163 2580 1251 2647 nihilo

192 2689 357 2760 reputans,
376 2689 525 2759 tanquam
544 2678 677 2743 clericos
694 2684 831 2745 fortasse
849 2685 1037 2762 susceperit,
1057 2681 1146 2748 velut
1163 2685 1252 2768 magi·

194 2790 259 2846 ster
276 2782 498 2861 inquietudinis
516 2785 735 2845 communione
753 2784 902 2861 privetur.

136 2964 185 3010 sss
250 3048 288 3056 ..
430 2948 466 3014 C.
487 2949 734 3015 CCCCXXXI.
780 2950 835 3015 De
852 2953 961 3017 eadem
977 2974 1025 3018 re.

382 3087 441 3150 Ex
467 3087 630 3168 epistola
654 3086 871 3151 Innocentii
896 3088 1071 3171 Papaess).

280 3203 326 3269 Ut
343 3207 383 3268 de
401 3204 506 3269 aliena
525 3205 659 3268 ecclesia
681 3204 830 3268 clericum
848 3208 996 3269 ordinare
1014 3205 1120 3271 nullus
1139 3212 1253 3290 episco·
1280 3228 1283 3235 '

194 3325 254 3386 pus
269 3316 409 3386 usurpet,
429 3310 490 3369 nisi
507 3308 638 3370 alterius
655 3309 792 3386 episcopi
808 3308 955 3387 precibus
969 3317 1122 3374 exoratus
1136 3311 1254 3388 fecerit,

194 3405 248 3469 vel
263 3410 330 3488 ipse
348 3412 510 3489 episcopus
529 3416 680 3472 exoratus
698 3409 872 3472 concedere
889 3407 1036 3475 voluerit.
1079 3410 1156 3477 Hoc
1169 3415 1256 3478 etinn

265 3598 293 3646 C.
312 3598 491 3646 CCCCXXIX.
527 3598 553 3657 e)
563 3600 674 3647 Brevisr.
684 3600 742 3647 Gaii
751 3600 811 3650 inst.
820 3602 838 3647 1.
847 3601 871 3648 4.
883 3596 909 3664 §.
919 3601 943 3647 8.

265 3667 292 3711 c.
311 3665 478 3712 ccccxxx.
513 3666 626 3724 ncnc.

266 3733 294 3780 C.
313 3730 495 3780 ccccxxnl.
529 3732 562 3791 g)
581 3733 663 3792 Epist·
681 3736 813 3784 innocent.
831 3736 858 3782 Ρ.
877 3733 1025 3784 adViotric.
1039 3734 1255 3799 Boiorumqu-

196 3798 264 3854 (κν.
283 3812 306 3844 ι.
323 3795 401 3861 4⁰4.)
419 3814 441 3844 c.
459 3800 483 3847 ¹1.
506 3797 592 3858 (apud
609 3803 717 3862 Dionys.
739 3804 808 3851 inter
830 3804 1082 3851 decretalium.
1101 3805 1174 3868 14.);
1199 3816 1255 3854 m

196 3865 305 3924 Dionys.
313 3888 349 3901 -
364 3867 426 3914 Ans.
435 3866 491 3914 ded.
500 3869 531 3915 ll.
541 3869 599 3917 115.
609 3872 638 3916 v.
649 3872 689 3919 54.

241 4011 275 4071 C.
304 4011 509 4076 ccccxxlx.
556 4020 581 4092 ¹⁸)
607 4039 707 4098 quum·
749 4021 803 4081 hus
814 4019 905 4081 Codd.
916 4021 1007 4101 priori
1022 4021 1112 4100 capiti
1122 4021 1256 4084 adrem

197 4097 274 4157 lr'det
296 4108 417 4159 matrem
448 4102 559 4162 dobere
585 4107 706 4165 videan-
750 4117 804 4166 est.
818 4105 1178 4187 Boiotromqueseparrt.
1196 4104 1256 4175 Sed

198 4191 265 4242 tur:
290 4183 366 4262 orig.
419 4191 498 4259 690)
531 4187 594 4248 Iloc
620 4195 708 4268 caput
751 4210 825 4271 quae
834 4192 890 4250 iem
899 4201 1065 4270 sequuntur,
1075 4210 1131 4252 nee
1142 4193 1255 4257 inticis·

197 4267 260 4326 sine
278 4266 336 4327 ulia
358 4270 545 4350 inscriptione
568 4273 597 4333 in
616 4275 706 4333 omni·
749 4275 896 4337 ascalias
912 4286 979 4335 sunt
996 4286 1125 4354 reperta.
