2580 4890
396 327 475 406 σιμ.
499 323 898 385 octavu-coaxant.
1103 328 1179 423 ¹oro

383 491 420 555 C.
445 491 628 556 CCLXXI.
664 491 728 556 'De
745 491 853 556 eodem
869 513 915 558 re.
1188 512 1238 559 aro

335 628 397 691 Ex
429 626 635 691 Concilio
666 624 958 710 agathensil).

197 747 236 810 Si
258 748 327 827 qnia
350 745 482 809 clericae
500 736 616 810 furtum
639 743 792 810 ecclesiae
813 746 939 825 fecerit,
964 746 1132 832 peregrina
1150 751 1179 812 ei

92 850 291 914 communio
309 848 474 912 tribuatur.

370 1066 408 1131 C.
432 1064 634 1131 CCLXXII.
679 1066 733 1132 De
750 1069 858 1132 eodem
874 1088 921 1133 re.
1109 1052 1113 1062 ¹
1190 1094 1237 1140 271

510 1221 570 1284 Ex
592 1221 780 1307 eodemm).

197 1340 234 1405 Si
252 1342 320 1420 quia
337 1339 468 1403 clericus
486 1346 541 1402 arrt
558 1339 730 1403 monachus
748 1340 864 1403 furtum
881 1340 1002 1418 fecerit,
1026 1343 1108 1421 qnod
1125 1364 1181 1422 po·

98 1446 173 1509 tina
195 1442 397 1526 sacrilegium
419 1442 481 1504 dici
501 1449 621 1520 potest,
650 1441 681 1502 id
703 1444 879 1511 censuimus
897 1443 1118 1521 ordinandum,
1144 1452 1182 1508 ut

101 1546 218 1608 iunior
241 1545 337 1627 virgis
361 1564 472 1607 caesus
494 1545 576 1606 tanti
598 1545 736 1606 criminis
762 1564 833 1605 reus
857 1565 1013 1624 nunquam
1040 1535 1181 1608 officium

102 1645 361 1709 ecclesiasticum
384 1646 523 1723 excipiat
536 1646 624 1724 550);
652 1647 680 1705 si
702 1665 778 1706 vero
800 1647 863 1706 iam
885 1646 1046 1709 ordinatus
1068 1648 1102 1707 in
1118 1645 1180 1708 hoc

102 1746 254 1811 facinore
271 1745 368 1810 fuerit
385 1745 615 1827 deprehensuS,
639 1747 773 1807 nominis
791 1748 888 1825 ipsius
907 1746 1060 1830 dignitate
1078 1748 1181 1826 prive·
1207 1754 1211 1760 '
1252 1822 1260 1839 ¹

100 1854 171 1926 tus,
193 1849 244 1910 cui
262 1847 408 1910 sufficere
425 1854 541 1927 potest,
558 1844 613 1925 p'ro
633 1854 720 1909 actus
739 1848 788 1909 aui
800 1846 943 1926 levitate,
961 1845 1091 1927 impleta
1104 1869 1180 1928 poe·

103 1951 265 2013 nitentiae
284 1950 511 2028 satisfactione,
529 1948 599 2010 sola
618 1948 805 2012 communio.

366 2166 402 2233 C.
426 2115 643 2232 ochxlll.
687 2167 741 2232 De
758 2169 867 2232 eodem
883 2190 929 2232 re.
984 2189 986 2192 ’

294 2323 353 2386 Ex
375 2322 491 2385 dictis
512 2319 737 2402 Hieronymi
759 2321 804 2383 ad
826 2319 1003 2403 Titumr).

107 2442 111 2447 ⁵
196 2457 262 2520 Far
279 2464 385 2520 antem
403 2476 466 2519 non
484 2455 587 2518 coium
604 2458 637 2517 in
660 2455 846 2534 maioribus,
874 2456 931 2518 aed
954 2457 1050 2518 etiam
1071 2457 1104 2518 in
1122 2457 1180 2518 mi·
1264 2465 1269 2471 “

107 2560 242 2624 floribus
259 2560 426 2622 indicatur.
470 2548 545 2621 Non
564 2560 659 2636 enim,
680 2556 945 2641 qu0d⁵⁵1pfurt0
964 2555 1103 2620 abietum
1121 2564 1180 2634 est,

108 2662 166 2724 aed
186 2682 278 2724 mens
296 2661 430 2722 furantis
449 2661 640 2736 attenditur,
664 2658 821 2738 quomodo
838 2661 871 2720 in
889 2658 1099 2722 fornicatione
1116 2678 1181 2722 non

106 2764 229 2827 idcirco
257 2761 383 2824 diversa
413 2758 451 2823 fit
464 2763 536 2844 552)
563 2761 747 2839 fornicatio,
774 2761 802 2822 si
828 2758 940 2821 mulier
965 2757 1095 2839 pulchra
1126 2768 1182 2823 aut

109 2862 283 2942 deformia,
311 2861 427 2925 anciila
449 2869 505 2924 ant
529 2863 682 2946 ingenua,
708 2882 824 2941 pauper
850 2868 905 2923 aut
930 2860 1097 2941 opulenta,
1124 2863 1181 2925 sed

109 2962 337 3044 qualiscunque
358 2962 415 3026 illa
435 2963 546 3042 fuerit,
573 2985 636 3025 una
660 2972 709 3027 est
728 2962 907 3026 fornicatio.
951 2960 1001 3025 Ita
1024 2966 1058 3027 in
1083 2965 1179 3044 furto,

109 3074 384 3147 quantmncunqua
402 3066 469 3147 quis
487 3063 663 3143 abstulerit,
681 3064 758 3128 furti
776 3066 894 3127 crimen
913 3065 1051 3128 incurrit.

110 3248 328 3257 ——----

179 3359 209 3405 G.
228 3357 360 3405 CCLXXI.
383 3355 404 3422 1)
423 3359 486 3405 Hab.
496 3373 556 3406 ann.
568 3360 633 3416 506,
646 3371 668 3404 c.
679 3360 703 3405 5.
711 3383 745 3392 -
756 3356 819 3403 coll.
829 3359 887 3405 Vat.
897 3369 918 3401 c.
929 3356 986 3402 126.
996 3353 1086 3417 (tona),
1096 3355 1178 3402 Dacia.

105 3428 152 3474 ΙΙΙ.
161 3427 215 3485 49,
225 3426 286 3470 Ana.
295 3425 350 3473 ded.
359 3427 389 3473 V.
400 3428 449 3484 ot,
460 3426 492 3471 X.
503 3428 543 3473 72.

179 3494 209 3539 G.
227 3493 372 3542 cccxxii.
408 3495 444 3554 m)
463 3495 541 3539 Immo
557 3507 590 3540 ex
603 3492 701 3552 Regula
713 3489 837 3538 Ferreoli.
855 3489 985 3537 Golivct.
1000 3503 1022 3534 c.
1033 3490 1093 3536 127:
1112 3488 1177 3536 Fer-

105 3558 185 3613 mm
205 3560 290 3607 canna
304 3560 385 3606 ratane
399 3560 575 3620 inscriptionis
585 3575 626 3619 ap.
635 3561 695 3619 Reg.
706 3573 737 3606 ea
746 3572 803 3605 aare
813 3557 920 3616 videtur,
934 3556 1002 3615 quod
1010 3556 1036 3603 in
1047 3555 1178 3606 colivet.

105 3638 196 3677 mon
210 3626 302 3687 agath.
316 3628 456 3689 antecedit,
475 3632 552 3686 atque
566 3629 592 3674 in
607 3643 651 3687 eo,
671 3641 720 3685 quo
736 3626 832 3685 Regino
850 3628 982 3685 utebatur,
1000 3625 1111 3672 eiusdem
1123 3625 1178 3673 coi-

105 3694 234 3749 lectioni·
244 3695 353 3757 Codice,
369 3696 446 3745 huius
462 3697 554 3755 capitia
569 3697 663 3744 onriaaa
673 3699 728 3742 erat
738 3693 881 3752 inscriptio.
898 3693 963 3738 Hinc
973 3693 1035 3741 item
1043 3693 1178 3754 inscriptio

107 3764 137 3813 h
147 3762 276 3822 Excerpt.
288 3762 351 3824 agn.
361 3776 383 3810 c.
393 3766 439 3811 69:
458 3764 504 3811 Ea·
515 3764 591 3814 Cone.
601 3762 696 3825 Agath.
710 3762 836 3821 originem
848 3761 927 3808 ducit.
937 3787 972 3796 -
981 3760 1073 3808 Bcrch.
1080 3762 1127 3811 m.
1137 3765 1178 3809 64.

106 3832 174 3895 (3.),
183 3831 263 3881 Decr.
271 3830 339 3877 xlii
351 3834 391 3880 5⁰.
402 3832 463 3894 (8.).

179 3898 210 3948 c.
226 3898 385 3947 CCLXXHI.
420 3900 449 3960 ιι)
469 3898 533 3948 0011.
546 3901 605 3946 Vnt.
621 3914 643 3947 c.
660 3900 717 3944 128.
726 3892 823 3962 (iona):
840 3895 1178 3958 marcomannicam-

103 3967 264 4029 plauata’onc
272 3967 398 4026 epistolae
406 3968 443 4013 ad
453 3968 591 4015 Titana-
607 3966 700 4015 Bur-ch.
709 3966 754 4015 XI.
769 3968 809 4013 55.
819 3965 883 4029 (R),
902 3965 978 4014 Decr.
987 3965 1055 4015 xm.
1065 3968 1107 4014 41.
1117 3965 1178 4027 (B.),

108 4036 172 4084 Aac.
180 4034 227 4083 XI.
238 4036 297 4082 1⁰8.
307 4033 368 4095 (a),
383 4048 405 4083 c.
415 4035 483 4083 xlv.
494 4050 517 4094 q.
526 4038 550 4084 6,
560 4050 582 4083 c.
593 4037 633 4083 14.

154 4184 187 4244 C.
215 4183 385 4246 CCLXXII.
413 4190 488 4262 550)
516 4189 626 4266 occe'pt‘-
712 4185 745 4244 C.
774 4184 952 4244 CCLXXlIl.
976 4188 1059 4253 ¹551)
1093 4185 1177 4260 quid:
1262 4255 1265 4262 .

115 4279 163 4330 otc
185 4267 265 4364 Hiid.
284 4268 345 4328 Bai.
669 4269 744 4330 nito.
763 4267 825 4328 Bal.
869 4273 944 4340 552)
964 4276 1025 4327 cat.-
1045 4266 1084 4324 ib.
