2594 4898
182 358 256 424 536
424 354 590 418 nuuluu
613 352 744 416 LiBER
764 352 1008 417 SECUNDUS.
1285 40 1291 381 1

184 532 363 592 σαυονίΐ·ίπ
386 535 420 589 tc
432 525 551 604 frater
574 535 664 600 suun·
689 523 775 587 aliud
798 531 848 588 est
863 518 999 604 peccare
1015 526 1049 587 iu
1068 545 1148 604 uos,
1174 525 1249 609 uliud

182 651 316 710 peccare
337 630 370 691 in
387 626 509 691 Deum.
554 625 590 691 Si
610 629 644 690 in
667 648 727 690 uos
749 625 863 718 aliquis
884 630 1081 707 peccaverit,
1107 627 1248 692 hebemus

183 717 374 811 potestatem
391 730 550 793 dimittere
568 732 615 804 ei;
633 731 662 792 si
680 736 784 792 eutem
801 732 835 793 iu
851 727 958 794 Deum
975 731 1045 810 quis
1063 734 1247 810 peccaverit,

184 854 249 897 nou
273 842 323 895 est
345 834 446 895 nostri
469 832 602 895 arbitrii.
656 828 815 911 Scriptum
840 833 953 912 quippe
979 840 1030 896 est
1039 830 1100 918 †):
1123 831 1165 898 Se·
1180 854 1248 919 pec·

185 943 312 999 caverit
331 940 381 998 vir
403 941 438 998 io
458 941 574 1011 virum,
592 936 727 1018 placore·
740 943 849 1017 potest
871 943 905 998 ei
920 933 1028 1010 Deum
1050 942 1085 1000 a·
1099 946 1208 1000 auten
1221 943 1249 999 is

186 1037 288 1101 Deum
306 1043 507 1121 peccauerit,
529 1041 600 1121 quis
623 1035 729 1100 orabit
743 1057 807 1120 pro
829 1041 887 1102 eo?
907 1035 977 1100 Nos
1000 1039 1202 1102 econtrario
1222 1039 1249 1101 in

185 1138 249 1202 Dei
270 1141 385 1201 iniuria
407 1138 536 1222 benigni
562 1146 596 1201 et
616 1138 836 1201 misericordes
858 1160 980 1217 sumus,
1009 1145 1043 1202 et
1064 1137 1134 1203 Dei
1159 1141 1250 1203 offen-

186 1263 271 1320 sum,
294 1243 384 1320 quasi
403 1243 437 1304 in
461 1247 569 1304 nostru
590 1247 748 1320 potestate
771 1239 996 1304 siteiusvelie
1015 1244 1139 1305 eteius
1163 1240 1250 1319 nolio,

186 1346 314 1423 impune
336 1341 456 1424 absque
479 1344 665 1427 congruenti
685 1343 902 1422 poenitentiae
922 1344 1068 1406 vindicta
1092 1344 1249 1422 douumus,

187 1467 258 1508 cum
270 1452 389 1524 tumen,
409 1445 490 1525 quod
508 1447 542 1508 iu
560 1465 618 1508 uos
634 1446 835 1507 commissum
848 1451 908 1522 est,
926 1465 986 1507 uec
998 1443 1116 1509 saitem
1130 1447 1250 1510 verbum

187 1546 452 1611 contumeliosum
477 1546 593 1610 ieviter
616 1545 777 1627 prolatum
803 1548 871 1609 sine
896 1546 1038 1610 vindicta
1062 1551 1249 1628 pertransire

122 1706 127 1719 ,
186 1651 441 1731 putiemnr⁶²⁵).
490 1647 694 1712 Dimittsmus
722 1668 799 1732 ergo
816 1648 952 1728 'propter'
969 1647 1093 1730 Deum,
1121 1652 1204 1730 quod
1222 1653 1247 1712 in

184 1760 247 1814 'nos
265 1757 478 1830 perpetratum
496 1759 554 1825 est,
578 1759 621 1829 et,
641 1750 722 1829 quod
741 1752 773 1812 in
791 1749 863 1813 Deo
883 1752 1085 1816 commissum
1104 1759 1169 1833 est,
1188 1755 1248 1832 quis

189 1853 347 1915 dimittere
371 1873 434 1915 non
456 1872 621 1932 possumus
644 1854 736 1915 iuxta
762 1854 1105 1939 constitutionem⁶²⁶)
1133 1862 1247 1919 sancto
1290 1933 1291 1944 ἵ

188 1976 258 2018 rum
271 1962 410 2035 patrum,
425 1954 596 2018 secuudum
611 1957 796 2018 canonicam
809 1956 1033 2020 auctoritatem
1049 1957 1246 2022 vindicemus
1290 2040 1291 2045 ἵ

366 2219 368 2225 ’
435 2252 624 2328 Anumc
650 2251 720 2327 un
746 2251 1010 2329 sumnum..
1088 2357 1093 2367 ,

129 2441 178 2488 ³11
389 2431 427 2496 C.
456 2431 618 2498 CCCXV.
671 2432 731 2500 Ex
760 2434 997 2528 capitularibus
1010 2434 1053 2517 ‘¹)·

272 2569 435 2633 Habemus
454 2573 486 2634 in
503 2569 574 2655 lege
591 2569 724 2635 Domini
740 2575 890 2653 scriptum
899 2572 986 2660 ††):
1004 2571 1083 2636 Non
1094 2572 1249 2658 peierati
1290 2573 1291 2608 ³

187 2679 223 2736 in
242 2679 367 2736 nomine
385 2694 467 2749 meo,
489 2692 548 2737 uec
564 2676 689 2757 pollues
710 2695 820 2740 nomeu
842 2675 974 2740 Domini
987 2674 1058 2740 Dei
1079 2684 1144 2756 tui,
1170 2688 1204 2742 et
1217 2697 1250 2739 st

188 2796 325 2838 acmcmec
342 2795 451 2836 nomeu
464 2774 597 2839 Domini
611 2775 681 2841 Dei
696 2785 748 2841 tue·
762 2785 797 2841 in
812 2799 936 2842 cauum.
972 2777 1048 2841 Ideo
1064 2779 1249 2844 admonendi

188 2887 262 2939 sunt
279 2896 403 2954 omnm,
421 2885 457 2938 ut
475 2876 642 2962 diligenter
660 2889 792 2942 caveant
808 2883 978 2960 periurium
993 2902 1057 2942 nou
1071 2880 1248 2962 solum⁶²¹)

188 2980 222 3039 in
249 2974 342 3039 altari
368 2999 424 3040 seu
446 2986 633 3059 sanctorum,
648 2980 805 3062 reliquiis,
832 2982 890 3045 sed
917 2985 1001 3046 etin
1028 2987 1189 3048 communi
1209 2983 1248 3046 lo·

188 3076 292 3159 quela.
334 3077 415 3142 Item
433 3081 605 3144 cavendum
625 3090 688 3162 est,
708 3107 746 3147 ne
764 3083 875 3165 aliquis
893 3084 962 3165 plus
980 3107 1093 3148 nurum
1110 3085 1248 3161 honoret,

190 3203 283 3261 quam
306 3180 423 3261 altare,
447 3205 486 3246 ne
510 3185 540 3246 ei
557 3183 713 3249 Dominus
733 3185 942 3273 dicat†††)
968 3185 1095 3266 Stulte,
1113 3191 1249 3275 quidest

188 3291 305 3369 magri,
324 3306 435 3349 accrum
453 3289 652 3367 adtollere,
671 3289 754 3375 quod
769 3289 956 3370 sanctificat
971 3296 1108 3356 aurum?

257 3547 284 3591 C.
303 3546 420 3592 CCCXV.
456 3547 483 3603 d)
501 3548 594 3607 Anseg.
609 3548 690 3606 Cepit.
704 3550 733 3595 L.
744 3551 762 3597 Ι.
777 3563 799 3596 c.
815 3552 856 3598 61.
866 3549 961 3609 (Cupit.
974 3549 1068 3597 eccies.
1081 3564 1143 3600 nnn.
1157 3555 1249 3608 ¹189.‚c.

189 3612 252 3672 63.).
261 3638 293 3646 —-
304 3613 395 3660 Burch.
408 3615 465 3663 xn.
483 3617 505 3660 2.
519 3615 583 3676 (3.),
604 3617 679 3664 Decr.
692 3617 749 3664 ΧΗ.
763 3621 804 3666 59.
818 3619 882 3678 (3.),
902 3632 924 3666 c.
938 3618 1021 3664 xxrl.
1035 3633 1060 3676 q.
1071 3622 1095 3669 1.
1110 3635 1133 3666 c.
1144 3623 1185 3670 12.
1195 3620 1248 3680 (ot

188 3693 268 3728 omn:
281 3681 324 3727 Ee·
334 3682 410 3728 dietis
419 3683 590 3744 Hteronymi;
601 3699 680 3731 causa
690 3684 770 3732 tuisse
780 3686 895 3747 inscript.
905 3686 1061 3734 antecedens
1071 3689 1248 3751 estchiuouir

188 3753 274 3807 caput

336 3897 345 3946 i
360 3899 378 3937 1·
393 3895 452 3951 Reg.
467 3911 486 3940 c.
500 3901 520 3940 2.
536 3910 556 3940 v.
571 3901 604 3941 25.

334 3947 430 3996 theou.
445 3962 465 3990 c.
480 3951 512 3991 19.
527 3962 548 3991 v.
564 3954 595 3992 12.

277 3894 345 4052 fud)
358 3997 447 4040 Itluttlr.
463 4012 482 4041 c.
496 4003 529 4042 23.
544 4013 565 4041 o.
580 4003 612 4042 ti.
1280 3852 1287 4097 Ι

232 4137 264 4194 C.
285 4136 436 4197 cccxlv.
460 4145 533 4212 625)
551 4144 699 4218 potemur:
788 4146 821 4203 C.
841 4146 982 4207 CCCXV·
1008 4153 1083 4219 62⁷)
1104 4153 1136 4209 in
1154 4158 1247 4211 ronuta

188 4222 263 4281 Coit.
295 4225 356 4281 citt.
411 4229 484 4289 626)
513 4230 699 4287 οοηειιεὶιιᾶί-
744 4234 899 4308 euangelio
919 4234 981 4290 vel:
1001 4233 1066 4292 edd.
1088 4237 1164 4314 orig.

187 4329 268 4367 nem:
290 4308 408 4367 Heimst.
429 4310 490 4369 But.
748 4315 758 4339 ¹
