2580 4890
185 358 258 425 ssu
372 314 376 321 ’
428 352 1020 419 nnornnnrnunsucnnnus.

186 527 334 611 perplura
358 525 540 603 ndiioinrur,
565 542 713 609 megnurn
735 525 825 605 quasi
846 524 913 589 viru
926 528 984 607 ⁸¹)
1007 526 1253 591 oouuumnuudis

187 629 428 695 annoruodantin
448 626 621 709 mysteriis.
664 623 759 701 Quae
781 628 938 691 edentem
959 648 1080 705 vernus
1097 648 1157 691 nos
1173 648 1253 693 orere

186 731 364 796 litterarum
382 730 486 792 forma
498 724 695 809 praestituiti
713 724 936 791 benedicimus
949 727 1084 805 iontem
1098 728 1253 810 baptism·

187 836 246 912 tis,
269 832 376 895 oleum
397 831 565 893 unctionis.
608 827 682 921 idue
700 830 837 909 accedit,
863 830 949 911 quod
968 837 1019 893 ter
1038 832 1251 914 immergimus,

189 957 268 1017 quos
285 933 498 1014 baptizamus,
520 930 592 994 oleo
614 932 776 1015 ungimus,
797 930 906 1021 verbis
926 930 1167 997 abrenunciare
1183 940 1251 997 satu·

188 1058 250 1100 nae
277 1043 311 1100 et
335 1033 457 1119 augelis
484 1034 551 1097 eius
576 1032 795 1096 informamus.
845 1028 942 1113 Unde
969 1030 1057 1097 haee
1089 1042 1125 1099 et
1149 1032 1251 1099 albin

189 1136 423 1201 hunerondum
445 1154 510 1199 nou
532 1154 648 1214 panon,
669 1134 733 1197 nisi
755 1136 853 1198 tanitn
876 1156 914 1198 ae
930 1136 1081 1216 mystica
1098 1136 1250 1201 truditinns

191 1262 212 1305 u
227 1238 368 1319 patribus
385 1234 600 1301 eoelesiastinn
621 1256 710 1299 more
726 1236 935 1301 reverentiori
955 1236 1129 1321 diligentia
1148 1240 1182 1303 iu
1195 1258 1249 1321 ny·

191 1342 297 1406 storiis
316 1338 485 1404 observata
502 1336 646 1419 silentio,
664 1358 758 1419 quem
774 1336 937 1421 publicata
954 1340 1092 1420 scripto.

74 1526 183 1575 snos
405 1506 444 1575 C.
462 1508 649 1576 xxxvfl.
691 1508 778 1575 Item
794 1530 863 1595 nup.
881 1508 1019 1577 XXIX.
1033 1506 1063 1595 1)

277 1644 398 1712 Deficit
422 1668 473 1710 me
499 1645 584 1725 dies,
615 1647 643 1709 si
669 1646 808 1733 singulas
834 1642 992 1711 eeclesiae
1022 1646 1248 1713 consuetudin

194 1746 388 1830 explieatmn
414 1748 590 1831 aggrediar.
646 1745 731 1825 Quid
756 1748 863 1831 plorat
894 1748 1004 1831 Ipsam
1036 1750 1249 1815 ennianum

194 1850 287 1930 fidei,
311 1850 459 1913 credendi
480 1851 512 1913 in
534 1848 663 1913 Patrem
686 1858 719 1915 et
738 1850 853 1915 Filium
875 1858 909 1914 et
930 1849 1093 1931 Spiritum
1118 1860 1248 1929 sanim.

195 1955 264 2035 quis
286 1950 377 2015 nobie
400 1950 517 2031 scripto
537 1952 725 2031 insinuavit,
750 1954 814 2017 nisi
835 1952 920 2033 qnod
942 1952 1154 2033 bsptismatis
1177 1952 1251 2019 trud·

194 2057 316 2119 tionem
333 2061 560 2134 consequenter
572 2050 649 2117 fidei
660 2056 764 2134 pietas
777 2056 931 2134 imitatur,
951 2062 997 2135 et,
1013 2065 1052 2121 nt
1064 2056 1249 2139 baptizem,

195 2160 243 2225 itu
271 2164 305 2221 et
329 2153 505 2238 oredimnsi
531 2152 623 2232 Quae
644 2154 757 2225 diebus
779 2157 870 2221 festis
891 2158 1057 2239 rofiptnra
1074 2167 1198 2225 stantes
1210 2176 1250 2223 ια

197 2282 289 2325 orare
309 2260 486 2341 praecepit,
508 2258 659 2339 profestis
680 2266 788 2323 autern
808 2280 874 2325 nou
895 2256 963 2323 sini
984 2258 1079 2345 Ergo
1099 2263 1131 2327 si
1146 2268 1250 2327 usn

198 2365 313 2442 scripto
334 2361 453 2427 tradita
472 2382 546 2425 usus
570 2358 726 2425 eeclesiae
744 2363 798 2443 pie
815 2368 946 2443 accepta
962 2365 1110 2445 mystiou
1126 2362 1251 2431 obrui*

145 2530 149 2537 ,
196 2466 285 2529 tione
307 2462 457 2543 custodit,
480 2482 545 2525 non
567 2462 750 2543 absurdum,
771 2465 868 2527 inimo
890 2462 1112 2545 apostolieum
1128 2464 1250 2549 flfflim

198 2569 295 2631 etiam
316 2586 380 2629 non
401 2565 532 2645 scriptas
554 2563 743 2629 traditiones
768 2563 903 2630 firmiter
930 2574 1057 2631 tenere.
1108 2564 1251 2655 Laid)

198 2676 295 2749 eninr,
326 2669 428 2749 inquit
455 2662 643 2746 Apostolus,
672 2688 741 2746 noe,
772 2669 855 2755 qnod
883 2674 919 2732 in
952 2667 1100 2735 mnibus
1129 2686 1252 2737 nrm

197 2778 262 2835 inei
276 2777 368 2853 esini,
396 2779 444 2846 et,
462 2775 548 2832 suni
569 2769 695 2835 tradidi
714 2770 812 2849 vodis,
839 2771 1037 2837 traditiones
1059 2780 1189 2839 teneti.
1222 2768 1252 2835 tt

198 2870 275 2935 illud
292 2870 384 2957 ††):
416 2868 542 2934 Tenetis
569 2871 776 2951 traditiones,
807 2894 886 2959 quar
917 2881 1099 2959 uecepsbiir
1125 2884 1190 2943 eine
1206 2890 1251 2959 μ’

198 2992 366 3037 sermenem
390 2978 457 3035 sine
484 2975 659 3057 epatolam.
704 2974 805 3059 Igitur
828 2974 906 3041 linet
926 2977 960 3038 in
985 2998 1045 3041 ore
1069 2978 1201 3045 duorum
1214 2968 1252 3039 ud

199 3078 294 3139 trium
319 3076 448 3139 testium
473 3082 537 3138 stet
563 3096 656 3143 omne
682 3076 830 3155 verbnm,
862 3077 1000 3141 diversis
1031 3080 1097 3144 niti
1122 3074 1253 3159 exempli

198 3176 374 3256 nralnimns,
393 3176 504 3258 quibus
523 3175 757 3243 ecclesiasticae
776 3180 1018 3245 consuetudinis
1036 3181 1252 3248 observantie!

199 3303 219 3343 a
236 3280 408 3343 maioribus
430 3279 556 3345 ductam
575 3300 633 3359 pro
655 3276 729 3367 lege
751 3282 921 3349 tenendam
938 3284 1184 3363 persuasibilius
1199 3301 1252 3347 eru·

199 3382 273 3445 ditis
291 3380 455 3445 clarescat.

200 3530 410 3540 --..—-—-

269 3609 297 3655 c.
314 3608 445 3656 xxavn
479 3608 502 3669 1)
519 3609 560 3655 nx
572 3573 1086 3673 sonandusimpunis-emona

328 3720 356 3773 -Η
371 3724 389 3762 1.
406 3721 457 3762 Cor.
472 3734 491 3763 e.
507 3725 539 3764 1¹.
553 3734 575 3764 v.
590 3726 609 3764 1.

308 3772 355 3828 ἡ)
368 3776 388 3813 2.
406 3771 484 3814 There.
500 3787 520 3815 c.
533 3776 554 3815 2.
570 3786 590 3815 v.
607 3776 638 3816 15.

1278 3612 1289 3699 ’ἱ

1274 3698 1285 3734 a

1265 3750 1289 3875 i!

1258 3948 1289 4010 br

246 3879 277 3935 C.
296 3878 429 3939 XXXVI.
454 3878 509 3961 81)
526 3901 662 3960 magnum
681 3885 769 3961 quusi
784 3902 887 3944 annues
905 3881 969 3943 Bai.

1255 4082 1289 4146 br

628 4146 840 4157 -—--—.-—--

1265 4318 1281 4375 [Σ
