2594 4898
442 362 447 367 ·
477 339 554 420 cap.
573 338 823 402 ccx-ccxv.
1115 348 1183 410 sor

117 507 235 587 hosque
263 505 304 569 ad
329 506 493 586 prandium
525 527 615 572 suum
645 509 785 589 quotidie
817 512 908 575 iuxta
938 511 1181 591 possibilitatem

117 614 271 673 convocet
290 610 397 689 eisque
415 606 585 689 hospitium
602 609 729 674 tribuat.

199 710 364 792 Require
382 732 459 792 cap.
479 709 798 775 CCCCXXVIII.
818 712 899 777 Lib.
918 713 961 778 ll.

261 880 299 945 c.
319 879 470 945 ccxru.
514 879 569 944 ne
585 903 670 966 aqua
686 836 1034 961 concensemus..

310 1017 368 1081 Ex
391 1014 555 1097 epistola
576 1015 787 1082 Alexandri
808 1018 932 1100 Papae
945 1022 984 1100 ε).

198 1135 321 1217 Aquam
340 1137 423 1199 enim
440 1134 509 1199 sale
527 1157 728 1216 conspersam
745 1136 866 1217 popidis
884 1138 1118 1219 benedicimus,
1146 1150 1180 1205 ut

114 1260 151 1300 ea
168 1238 275 1300 cuncti
293 1238 434 1317 adspersi
451 1235 687 1302 sanctificentur
700 1241 788 1324 ⁴³²),
817 1239 898 1319 quod
917 1248 949 1303 et
966 1241 1110 1305 omnibus
1127 1264 1179 1306 sa·

114 1338 295 1403 cerdotibus
313 1339 491 1404 laciendum
511 1361 580 1403 esse
598 1341 794 1403 mandamus.
822 1338 904 1404 Nam
922 1342 950 1404 si
968 1344 1046 1404 cinis
1061 1342 1179 1407 vitulae
1243 1394 1254 1411 .

113 1442 360 1526 adspersus⁴³³)
378 1441 526 1522 populum
534 1439 754 1505 sanctificabat
763 1451 857 1522 atque
874 1442 1062 1522 mundabat,
1082 1466 1179 1524 quan·

112 1552 145 1606 to
169 1547 270 1627 magis
292 1566 388 1624 aqua,
416 1566 496 1623 quae
517 1542 584 1606 sale
602 1544 754 1623 adspersa
771 1543 945 1623 divinisque
963 1544 1108 1623 precibus
1126 1569 1179 1610 sa·

113 1655 203 1709 crata
229 1654 293 1726 est,
319 1644 465 1726 populum
491 1644 669 1709 sanctificat
694 1654 787 1726 atque
810 1645 957 1711 mundati
1001 1646 1044 1711 Et
1061 1649 1088 1711 si
1107 1648 1174 1713 sale

112 1748 262 1828 adsperso
279 1770 336 1828 per
352 1747 537 1811 Helisaeum
559 1747 747 1827 prophetam
768 1746 919 1813 sterilitas
942 1771 1041 1828 aquae
1063 1759 1177 1815 sanata

112 1858 176 1929 est,
196 1851 429 1934 quantomagis
447 1851 561 1913 divinis
578 1849 723 1930 precibus
741 1856 867 1914 sacrata
884 1872 965 1931 aqua
978 1851 1178 1917 sterilitatem

111 1974 217 2015 rerum
236 1952 339 2016 aufert
356 1951 563 2015 humanarum
582 1959 614 2015 et
632 1953 850 2032 coinquinatos
868 1951 1045 2017 sanctificat
1059 1963 1091 2018 et
1103 1977 1177 2036 pur·

111 2063 168 2137 gat·
183 2062 218 2117 et
235 2062 340 2117 cetera
358 2054 442 2117 bona
459 2052 646 2132 multiplicat
664 2063 696 2117 et
713 2054 843 2118 insidias
863 2053 981 2118 diaboli
999 2058 1126 2136 avertit,
1145 2066 1178 2121 et

111 2178 130 2218 a
147 2155 403 2236 phantasmatum
419 2157 568 2220 versutiis
586 2155 746 2220 bominem
765 2139 916 2220 defendit.

394 2309 431 2374 C.
452 2308 602 2373 CCXIV.
648 2308 702 2374 De
719 2311 828 2375 eadem
845 2333 891 2375 re.
1188 2349 1233 2394 211

281 2447 338 2511 Ex
354 2468 467 2527 supra
484 2446 584 2511 dicto
597 2444 796 2526 Concilio,
816 2468 890 2527 cap.
910 2444 952 2509 V.
966 2441 1006 2529 l).

197 2565 243 2631 Ut
260 2569 346 2629 omni
363 2567 414 2628 die
436 2567 593 2655 dominico
621 2569 750 2648 quisque
768 2565 934 2648 presbyter
951 2566 984 2628 iu
1002 2586 1061 2628 sua
1078 2564 1177 2629 eccle·

109 2673 157 2734 sia
185 2677 259 2732 ante
285 2671 452 2732 missarum
478 2668 634 2733 solemnia
660 2690 772 2750 aquam
800 2667 998 2731 benedictam
1023 2667 1120 2730 faciat
1145 2670 1179 2731 in

108 2794 187 2836 vase
205 2772 305 2835 nitido
324 2778 356 2834 et
373 2778 463 2835 tanto
481 2773 636 2853 mysterio
654 2772 872 2850 convenienti,
896 2770 936 2834 de
955 2793 1015 2851 qua
1032 2768 1177 2851 populus,
1264 2758 1280 2835 ,¹

108 2877 231 2937 intrans
249 2872 429 2952 ecclesiam,
448 2872 667 2956 adspergatur3
692 2880 725 2936 et
744 2875 795 2953 qui
815 2871 965 2952 voluerit,
989 2874 1023 2936 in
1041 2870 1178 2937 vasculis

108 2979 173 3041 suis
194 2976 326 3055 accipiat
344 2997 387 3039 ex
403 2978 489 3056 ipsa,
513 2983 545 3039 et
566 2996 621 3056 per
643 2977 823 3038 mansiones
842 2981 875 3037 et
893 2995 986 3060 agros
1005 2983 1038 3039 et
1054 2977 1177 3053 vineas,

107 3100 202 3160 super
218 3099 335 3158 pecora
353 3099 474 3169 quoque
493 3098 550 3141 sua
577 3085 671 3157 alque
697 3099 791 3157 super
817 3075 935 3156 pabula
962 3097 1090 3156 eorum,
1117 3099 1177 3140 nec

107 3202 172 3244 non
191 3200 285 3258 super
302 3178 389 3243 cibos
408 3186 440 3242 et
457 3187 567 3259 potum
584 3201 673 3243 suum
692 3187 888 3262 conspergat.
943 3210 946 3215 ⁴

108 3349 144 3414 C.
165 3347 294 3414 CCXV.
338 3347 392 3415 De
402 3349 609 3434 presbytera,
627 3358 685 3436 qai
700 3352 808 3433 crebras
819 3354 1023 3431 peccantium
1039 3352 1177 3411 reticeat
1187 3371 1261 3416 212·

123 3455 177 3518 vel
192 3459 292 3516 micas
310 3453 406 3538 digm
417 3460 620 3537 poencicates
633 3452 678 3516 ad
687 3452 974 3515 reconciliationem
987 3448 1159 3512 adducunt.

498 3590 602 3655 Unde
629 3586 791 3677 supral).

193 3708 236 3772 Ut
254 3729 346 3772 nemo
369 3708 625 3793 presbyterorum
647 3708 777 3771 xenium
796 3704 846 3769 vel
865 3704 1070 3785 qccodcunque
1089 3725 1184 3807 emo·-

173 3869 203 3916 C.
222 3867 331 3917 ccxlu.
367 3868 394 3927 g)
405 3869 488 3926 Caput
497 3865 657 3913 Pecudoirid.
666 3878 699 3912 ex
715 3863 880 3924 primaAlex.
894 3863 921 3911 P.
931 3877 971 3922 ep.
994 3887 1024 3897 -
1041 3863 1175 3912 Burclr.11.

105 3939 145 3985 53.
156 3937 226 3997 (lb),
245 3936 322 3983 Dect.
332 3935 363 3983 11.
374 3937 414 3981 68.
424 3931 491 3999 (a),
510 3934 576 3981 Diri.
587 3936 628 3979 ΙΙΙ.
645 3934 685 3980 De
694 3946 765 3980 conr.
776 3946 799 3980 c.
810 3934 850 3978 20.

173 4007 202 4052 C.
221 4003 331 4050 ccxlv.
365 4000 393 4061 b)
410 4003 511 4064 llincm.
530 4003 546 4050 Ι.
565 4001 582 4050 l.
602 4016 624 4050 c.
644 4005 667 4049 5.
684 4027 719 4036 -
741 3999 833 4049 Burcb.
853 4001 882 4048 ll.
902 4000 942 4047 52.
960 3998 1027 4059 (lc),
1051 4001 1126 4047 Decr.
1145 4001 1174 4046 ll.

104 4075 144 4121 (it.
153 4071 218 4136 (B.):
237 4071 283 4118 Ea·
294 4073 369 4119 Cone.
381 4070 491 4119 Nonnaet.
502 4086 523 4118 c.
534 4075 557 4118 5.

173 4143 201 4188 c.
221 4141 318 4188 CCXV.
357 4139 376 4200 i)
387 4139 486 4187 Hincm.
496 4139 555 4187 ibid.
564 4153 587 4187 c.
598 4140 639 4187 13.
649 4162 682 4173 -
700 4137 793 4185 Burcb.
802 4137 874 4185 XIX.
884 4139 941 4185 10⁰.
951 4136 1015 4198 (lb),
1036 4135 1174 4183 Decr.XV.

147 4241 180 4300 c.
200 4239 329 4299 ccxnr.
366 4245 441 4312 432)
462 4249 497 4297 a
513 4208 619 4317 polist-
661 4241 772 4318 gone:
791 4235 857 4296 aaa.
881 4235 950 4294 rna

104 4337 229 4412 cercior:
248 4324 312 4384 add.
334 4327 408 4404 orig.
454 4329 527 4398 433)
547 4344 617 4383 cun-
