2594 4898
316 323 394 403 cap.
417 323 827 389 cccmus-cccxxx.
1042 332 1108 393 aar

31 494 176 574 pretinm
193 497 250 556 out
265 512 323 572 per
340 495 520 574 pecuniam,
538 516 594 575 per
609 495 816 559 simoniacam
832 493 991 560 baeresim
1008 497 1110 563 eccle·

10 599 120 660 ··niarn
137 596 236 659 luerit
253 593 386 658 alicuius
405 597 554 676 adeptus,
572 597 763 661 omnimodis
784 599 967 678 deponatur.

445 768 497 828 lle
533 770 703 830 ieiunio.

242 883 280 949 c.
300 882 521 950 cccxxix
564 884 619 951 oe
640 888 759 952 octaua
776 894 905 953 maure.
1082 856 1089 865 “
1118 882 1167 927 ²1⁶

131 1019 190 1083 Ex
218 1017 394 1084 Concilio
425 1019 730 1106 Mogontiaeensi
756 1045 832 1104 cap.
855 1020 1011 1101 xvir).

100 1136 230 1202 Placuit
246 1139 355 1218 nobis,
372 1148 409 1203 ut
425 1139 537 1205 litania
553 1143 656 1205 maior
674 1140 874 1205 observanda
892 1144 933 1206 sit
951 1166 970 1206 a
988 1145 1107 1208 cunctis

38 1238 231 1305 Christianis
262 1244 362 1305 'unum
397 1242 567 1326 diem⁶¹⁸)
598 1242 673 1307 Vll.
710 1241 845 1305 Kalend.
864 1241 980 1323 ‘Mai.,
1026 1247 1109 1308 sicut

35 1342 198 1426 legendo³
208 1346 216 1385 ¹
226 1344 257 1428 ι)
274 1346 460 1424 reperimus,
479 1352 513 1408 at
530 1347 612 1409 sicut
629 1346 728 1407 saneti
746 1352 852 1424 patres
870 1348 972 1408 nostri
989 1349 1106 1410 consti·

36 1446 181 1524 tue'runt,
216 1465 280 1509 nou
316 1447 505 1526 equitando,
541 1466 604 1510 non
640 1447 785 1526 pretiosis
819 1446 960 1510 vestibus
990 1448 1106 1527 induti,

37 1547 91 1609 scd
106 1549 179 1632 ⁵¹⁵)
207 1548 313 1611 cinere
338 1550 477 1629 respersi
505 1555 537 1613 et
564 1547 677 1612 cilicio·
694 1549 814 1626 induti,
850 1549 911 1611 nisi
937 1545 1105 1613 infimitas

36 1648 224 1727 impedierit.

187 1816 227 1882 C.
246 1815 449 1883 cmxxx.
494 1818 549 1886 De
564 1826 684 1889 ieiunio
701 1822 954 1905 rogationum).
1114 1832 1164 1877 nro

124 1952 204 2017 Cum
231 1955 431 2038 exigentibus
460 1958 597 2037 peccatis
625 1955 800 2020 Galliarum
826 1955 932 2036 populi
959 1954 1104 2037 luporum

33 2055 126 2118 rabie
144 2057 261 2119 acriter
277 2058 534 2122 interimerentur
546 2063 559 2102 ⁸
570 2058 631 2143 ¹⁸),
650 2078 709 2121 nec
726 2057 819 2120 buius
837 2056 958 2141 flagelli
975 2056 1104 2138 aliquod

34 2158 211 2221 remedium
231 2160 367 2223 inveniri
387 2164 599 2240 possetffl),
626 2162 811 2242 congregati
838 2159 1005 2223 traduntur
1027 2159 1104 2223 Gal·

34 2257 149 2322 liarum
172 2262 312 2340 episcopi
333 2263 416 2341 apud
435 2261 592 2325 Viennam
613 2261 739 2338 urbem,
766 2268 860 2339 atquc
882 2262 915 2322 in
938 2280 1103 2323 commune

35 2368 228 2441 statuerunt,
254 2371 290 2426 ut
310 2365 489 2427 triduanum
509 2363 660 2426 ieiunium
677 2362 829 2424 facerent.
875 2358 1018 2441 Cumque
1035 2359 1103 2424 Dn-

34 2465 138 2527 minus
155 2470 278 2543 pestem
293 2464 538 2529 misericorditer
555 2462 752 2541 abstulisset,
779 2461 813 2524 bi
834 2462 901 2525 dies
919 2464 951 2525 in
970 2478 1102 2526 consua-

34 2566 177 2629 tudinem
203 2580 328 2630 annuaa
353 2567 550 2632 celebritatis
576 2572 750 2644 venerunt,
781 2570 818 2629 ut
843 2585 899 2643 per
926 2562 1102 2627 Galliarum

33 2669 213 2746 provincias
244 2676 318 2733 ante
349 2672 543 2733 ascensionis
570 2668 701 2732 Domini
736 2668 819 2730 diem
855 2665 1102 2733 celebrarentur.

33 2768 176 2852 Agamus
202 2777 236 2834 el
261 2792 319 2834 nos
344 2771 405 2834 hos
432 2773 500 2835 dies
527 2793 597 2834 cum
629 2791 750 2832 summa
779 2770 959 2832 reverentia
989 2777 1022 2831 et
1048 2769 1102 2831 de·

33 2874 179 2950 votione,
206 2892 279 2936 oum
301 2872 493 2938 abstinentia
516 2875 620 2936 corais
643 2880 675 2935 et
692 2868 870 2934 bumilitate
888 2871 1007 2950 cordis,
1034 2891 1099 2933 uon
1159 2860 1162 2865 ¹

32 3000 249 3012 ——s—-—

100 3063 130 3108 c.
149 3063 309 3110 ccnxxtx.
336 3063 365 3124 y)
375 3062 595 3125 caramagnae,
613 3063 671 3112 bub.
681 3077 740 3112 ann.
750 3064 808 3113 81³.
818 3065 865 3111 sub
873 3062 964 3112 Ksrol.
973 3063 1017 3121 m,
1032 3063 1101 3110 edd.

32 3129 169 3178 —Bnrcb
178 3131 247 3179 x111.
257 3135 281 3180 6.
295 3132 362 3193 (R),
379 3133 455 3180 Dour.
474 3135 517 3182 lv.
535 3135 576 3182 ³⁹.
593 3132 653 3196 (B.).
687 3133 727 3178 cf.
744 3131 843 3180 concil.
859 3131 978 3192 aquisgr.
995 3131 1026 3177 ll.
1043 3126 1101 3178 heb.

32 3210 93 3246 sna.
102 3198 162 3246 886.
172 3213 194 3245 c.
204 3201 245 3246 1⁰.

102 3267 131 3316 il.
148 3267 297 3318 CCLXXX.
331 3267 359 3329 u)
376 3270 459 3328 caput
476 3268 611 3316 incertum.
646 3267 759 3315 Walatr.
777 3267 869 3314 Strabo
888 3265 919 3312 de
937 3269 989 3315 reb.
1007 3265 1100 3314 eccles.

33 3346 56 3380 c.
65 3332 120 3394 28..
139 3334 171 3382 de
189 3335 278 3382 endem
295 3350 323 3383 re
342 3337 379 3384 sie
396 3337 525 3396 loquitur:
565 3334 730 3395 Temporibus
747 3332 871 3393 etquidem
882 3332 1010 3379 Clodowes’
1021 3333 1100 3392 Regu

31 3398 175 3462 rreum,
194 3404 304 3464 quicum
311 3411 386 3466 geute
395 3418 445 3452 suu
453 3407 555 3467 prum
566 3402 733 3450 Christianus
746 3398 857 3461 effectus
865 3406 919 3465 est,
938 3399 996 3445 duur
1005 3399 1101 3447 duitas

36 3468 218 3519 Vs'esaesrss'uss
234 3473 325 3519 crebro
348 3480 436 3520 terroe
454 3481 525 3522 motu
547 3472 716 3520 subrueretur
733 3475 759 3515 et
777 3468 920 3515 bestiarum
936 3466 1101 3514 desolaretur

30 3538 152 3597 mrsu,
173 3538 198 3587 S.
216 3539 372 3603 Mamertus,
394 3541 505 3591 οἰκιᾰεη
523 3540 641 3588 civitatis
658 3539 802 3598 episcopus,
830 3533 968 3582 triduanus
986 3534 1101 3582 Ietursu'us

32 3605 129 3665 legitur
133 3620 185 3666 pro
194 3608 284 3668 usulis,
303 3624 370 3669 quoe
378 3611 572 3668 praemisimus,
586 3606 729 3654 ordinasse.
748 3606 786 3652 (ll.
795 3602 898 3652 Alcuini
909 3617 931 3650 o.
940 3604 982 3650 20.
991 3601 1100 3650 divisor.

32 3674 189 3732 officiorum3
208 3675 283 3736 Greg.
297 3677 393 3726 Toron.
408 3679 505 3726 Hister.
518 3679 613 3726 Fraus.
624 3678 654 3721 11.
664 3677 720 3733 31,
747 3673 840 3721 Alcimi
857 3671 925 3719 Aviti
942 3664 1055 3719 Humilia
1069 3670 1100 3718 de

31 3742 160 3801 rogation.
177 3744 256 3803 (epp.
274 3745 312 3791 ed.
322 3745 455 3805 sirmond,
473 3746 555 3794 Paris.
573 3745 648 3791 1643.
666 3757 725 3804 pag.
739 3739 820 3806 152).
837 3766 873 3778 -
890 3741 1100 3800 Caputnostrurn

30 3808 187 3858 hauddubie
196 3810 396 3863 estAnnalistse
405 3814 539 3862 cuiusdam
548 3813 632 3861 sdhoo
642 3810 733 3872 ignoti.

74 3959 110 4019 C.
129 3960 315 4023 ccnxxlx.
349 3969 424 4038 513)
443 3965 546 4025 diebus
589 3965 665 4042 orig.

32 4045 141 4117 tribus,
159 4049 239 4106 sscut
254 4051 332 4128 lega
358 4052 433 4130 orig.
470 4056 544 4121 511)
633 4048 666 4108 C.
685 4046 852 4108 CCLXXX.
880 4050 955 4117 516)
975 4042 1101 4123 infesto·

29 4131 111 4190 secut
127 4133 159 4190 s‘u
176 4133 309 4194 llomono
327 4137 454 4195 ecclesio
476 4155 547 4195 oon·
589 4143 713 4194 rentur:
748 4131 825 4192 llild.
862 4136 936 4204 517)
965 4133 1100 4189 ιἠυειιίνο

28 4217 166 4275 stitutum
209 4222 393 4297 repar-riuos.-
439 4219 545 4280 Bnrcb.
586 4228 725 4298 possent:
764 4217 849 4277 Gotb.
879 4214 1002 4292 Guelpb.
1023 4211 1098 4273 lllld.

30 4304 109 4377 515)
126 4303 191 4389 ‘sed
215 4304 405 4375 ducolceots',
427 4306 545 4365 emere.-
590 4302 651 4364 Bal.

844 4399 889 4461 9»
