2594 4898
185 310 312 375 2⁰⁹*
474 303 979 368 lllltlthlLlBlllllllllMUS.
1083 296 1091 313 '
1154 295 1157 299 ⁴

186 477 308 542 habent
323 496 413 538 suam
430 477 666 555 conscientiam,
685 475 837 553 diceutes,
855 495 891 536 se
909 495 980 536 esse
998 472 1172 556 simplices,
1189 496 1248 541 curu

187 582 253 643 siut
265 579 380 641 astutia
393 576 552 641 diabolica
563 576 687 657 repleti,
706 585 739 639 et
752 598 810 656 pro
819 581 924 655 'opere
941 577 1071 654 pietatis
1085 577 1207 657 dicunt,
1221 600 1249 642 so

190 677 319 744 deloco
339 678 379 740 ad
395 677 500 741 locum
521 681 674 757 transire,
701 699 772 742 cum
797 680 861 741 sint
886 699 944 740 sua
968 675 1093 741 malitia
1122 679 1249 743 faciente

190 781 331 864 fugitivi,
354 789 387 841 et
413 780 530 858 dicunt,
558 801 593 842 se
619 802 689 843 esso
714 781 893 842 ministerio
910 801 1002 842 sacro
1021 781 1249 865 insertam),

191 903 262 946 oum
288 903 354 944 non
380 881 458 958 sint,
489 888 642 944 statutum
668 889 718 944 est
734 903 754 942 a
770 882 887 943 sanctis
913 881 1073 959 patribus,
1102 885 1250 946 nemiuem

192 983 340 1048 clericum
362 980 499 1044 alienum
521 991 554 1045 et
573 985 716 1066 ignotum
737 984 835 1061 recipi
856 981 897 1044 ab
916 980 1020 1061 aliquo
1039 984 1206 1062 episcopo,
1225 991 1251 1045 et

192 1083 399 1148 inthronizari
416 1085 449 1145 in
467 1104 525 1146 sua
542 1083 693 1162 ecclesia,
715 1086 776 1147 nisi
794 1083 912 1146 habeat
929 1106 950 1146 a
966 1085 1095 1163 proprio
1113 1085 1250 1163 episcopo

193 1181 374 1266 epistolam,
408 1207 488 1265 quae
514 1187 547 1247 in
575 1185 750 1249 canonibus
776 1187 954 1248 nominatur
978 1185 1130 1248 formata.
1184 1185 1251 1249 Ideo

191 1296 303 1352 notum
327 1287 460 1349 facimus
488 1289 673 1366 paternitati
702 1293 845 1365 vestrae,
873 1288 958 1366 quod
983 1307 1135 1364 praeseus
1162 1288 1252 1350 frater

193 1396 319 1467 noster,
346 1387 458 1451 harum
474 1387 638 1452 literarum
662 1390 814 1467 portitor,
846 1389 973 1451 nomine
990 1387 1171 1466 Adruinus',
1198 1409 1252 1451 non

192 1511 250 1571 pro
276 1511 336 1553 sua
362 1493 503 1570 nequitia
528 1488 678 1570 expulsus
705 1497 756 1552 est
773 1511 793 1552 a
810 1489 916 1568 nobis,
944 1489 1000 1551 sed
1025 1489 1255 1568 postulantibus.

192 1590 345 1655 fratribus
367 1593 484 1654 nostris
507 1613 560 1665 eo,
589 1591 670 1670 quod
692 1612 737 1654 ex
757 1590 881 1654 familia
898 1597 1008 1653 nostra
1024 1591 1104 1668 fuit,
1129 1592 1253 1655 fecimus

194 1695 226 1755 ei
243 1691 427 1756 libertatem
443 1698 601 1770 receptam
619 1714 640 1755 a
661 1715 760 1756 eomu
777 1691 888 1755 altaris
909 1695 1060 1756 canonice
1084 1701 1118 1757 et
1136 1694 1254 1757 ordina·

194 1795 296 1856 vimus
323 1814 396 1855 eum
420 1793 462 1855 ad
487 1794 619 1878 gradum
644 1795 847 1878 presbyterii,
875 1797 924 1858 cui
947 1797 1043 1858 etiam
1065 1793 1126 1858 has
1154 1795 1253 1858 dimis-

194 1896 297 1958 sorias
311 1896 376 1956 sive
391 1895 663 1960 commendatitias
676 1896 786 1960 literas
798 1897 930 1960 fecimus
940 1905 973 1961 et
985 1919 1057 1960 eum
1067 1897 1109 1960 ad
1123 1905 1254 1961 vestran

196 1994 344 2059 dilectam
360 1997 591 2060 fraternitatem
608 1999 787 2083 dirigimus,
805 2001 890 2062 utin
907 2007 1013 2062 vestra
1030 1999 1188 2079 parochia
1204 1998 1253 2063 sub

195 2098 303 2177 vestro
320 2119 411 2161 sacro
429 2100 582 2181 regimine
597 2107 630 2163 et
642 2100 827 2165 defensione
844 2103 1018 2164 consistere
1036 2100 1158 2165 valeat.
1181 2101 1254 2186 Ego,

194 2199 337 2279 inquam,
364 2202 397 2262 in
423 2202 549 2263 nomine
566 2202 619 2279 Π,
647 2200 750 2266 Patris
777 2211 810 2266 et
833 2204 873 2280 Y,
899 2201 974 2264 Filii
997 2210 1030 2267 et
1044 2201 1097 2279 A,
1126 2202 1254 2284 Spiritus

194 2302 298 2365 saneti
315 2303 397 2364 etin
418 2304 541 2366 unitate
563 2312 692 2367 sanctae
714 2302 883 2383 ecclesiae,
907 2306 940 2366 iu
959 2325 1020 2384 qua
1036 2303 1136 2368 Petro
1156 2305 1254 2369 datum

195 2409 246 2465 est
270 2404 319 2466 ius
349 2403 471 2487 ligandi
501 2413 594 2485 atque
624 2406 788 2486 solvendi,
824 2405 955 2470 absolvo
985 2403 1100 2484 Dodo,
1134 2405 1255 2470 humilis
1291 2480 1295 2493 Ι

195 2507 359 2585 episcopus
384 2507 603 2589 presbyterum
629 2506 806 2572 Adruinum
832 2508 872 2571 de
895 2511 1022 2571 civitate
1039 2505 1254 2585 Wirdunensi,

195 2607 368 2671 indictione
385 2605 452 2688 IX,
471 2618 504 2671 et
521 2608 682 2673 licentiam
700 2610 740 2672 do
762 2609 868 2687 vobis,
886 2608 1044 2685 Ratione,
1067 2608 1255 2673 venerabilis

196 2708 446 2789 archiepiscope,
476 2710 711 2774 inthronizandi
738 2735 824 2790 enm,
855 2714 888 2774 in
916 2731 1099 2790 quacunque
1127 2709 1256 2776 ecelesia

194 2807 291 2872 vultis
316 2816 441 2873 vestrae
466 2807 647 2890 parochiae.
700 2795 853 2876 Dilectum
878 2815 1101 2893 paternitatem
1122 2820 1256 2877 vestran

195 2912 346 2973 virtutum
383 2909 513 2975 floribus
552 2916 732 2999 insignitam
771 2918 968 2994 omnipotens
1001 2913 1094 2986 Deus
1130 2917 1257 2979 'conser-

195 3032 272 3074 vare
299 3012 455 3095 dignetur.
498 3014 610 3079 Amen.
659 3017 706 3079 11.
740 3018 775 3080 Y.
801 3015 846 3081 A.
872 3017 920 3080 Π.
947 3018 985 3081 Δ.
1012 3013 1057 3080 A.
1085 3017 1125 3082 P.
1153 3020 1195 3084 A.
1223 3014 1255 3081 θ.

194 3110 478 3178 DCCLXXVIII.
522 3115 609 3179 Data
635 3114 677 3179 V.
700 3116 747 3179 Id.
766 3115 879 3196 Maiis,
906 3139 990 3181 auno
1013 3119 1196 3183 dominicae
1215 3119 1257 3181 iu·

196 3218 387 3280 carnationis
404 3214 616 3295 DCCCCVI,
635 3218 808 3281 indictione
826 3218 888 3282 IX.

136 3399 186 3449 uo
443 3383 480 3448 C.
501 3384 685 3450 CCCCLII.
729 3386 785 3452 De
801 3389 1011 3453 ordinatione.

378 3522 441 3584 Ex
471 3521 662 3600 epistola
690 3520 862 3586 Gelasii
887 3523 1076 3608 rapace).

282 3635 506 3703 Ordinationes
527 3640 784 3724 presbyterorum
805 3649 838 3705 et
855 3642 1075 3724 diaconorum,
1099 3664 1183 3723 quae
1204 3646 1258 3709 nisi

196 3780 410 3793 ———

264 3858 293 3908 c.
312 3858 448 3909 CCCCLII.
483 3862 509 3922 e)
524 3864 608 3913 Gelas.
623 3863 718 3914 decret.
726 3866 839 3925 general.
849 3867 975 3914 universis
983 3866 1113 3927 episeopis
1123 3882 1173 3929 per
1181 3871 1261 3917 Lues-

195 3923 279 3984 ulsm,
298 3926 381 3973 Brutt.
388 3930 414 3974 et
423 3928 494 3975 Sieil.
503 3935 586 3981 const.
596 3934 656 3984 (ror.
668 3947 728 3982 ann.
739 3934 809 3994 494.)
820 3949 842 3983 o.
852 3936 893 3984 1³.
904 3931 958 3998 (ap.
967 3936 1075 3994 Dionys.
1090 3936 1162 3984 inter
1170 3936 1261 3986 uetuit

195 3991 291 4040 decret.
301 4008 323 4041 o.
333 3994 395 4056 11.).
412 4019 446 4030 -
463 3997 528 4045 coll.
537 3999 617 4049 Daeh.
627 4003 669 4050 111.
680 4003 716 4064 1.,
733 4005 795 4052 Ans.
804 4001 859 4051 ded.
869 4005 911 4053 IV.
922 4006 963 4053 16.
979 4030 1014 4041 -
1031 4004 1109 4052 Deor.
1117 4007 1165 4055 Vl.
1173 4007 1216 4054 ⁶¹⁴.

238 4143 271 4203 C.
295 4144 442 4207 ccccm.
480 4153 552 4222 705)
580 4152 705 4213 riiserti:
749 4157 892 4217 ninutas.

195 4248 294 4290 omnes
309 4229 401 4294 Codd.
423 4267 460 4278 —
480 4233 555 4295 Hild.
571 4239 704 4298 mutavit:
