<?xml version="1.0" encoding="UTF-8"?>
<!DOCTYPE html PUBLIC "-//W3C//DTD XHTML 1.0 Transitional//EN"
    "http://www.w3.org/TR/xhtml1/DTD/xhtml1-transitional.dtd">
<html xmlns="http://www.w3.org/1999/xhtml" xml:lang="en" lang="en">
 <head>
  <title>
</title>
<meta http-equiv="Content-Type" content="text/html;charset=utf-8" />
  <meta name='ocr-system' content='tesseract 3.04.00' />
  <meta name='ocr-capabilities' content='ocr_page ocr_carea ocr_par ocr_line ocrx_word'/>
</head>
<body>
  <div class='ocr_page' id='page_1' title='image "./reginonisabbati00wassgoog_0062.png"; bbox 0 0 2594 4898; ppageno 0'>
   <div class='ocr_carea' id='block_1_1' title="bbox 559 334 1197 436">
    <p class='ocr_par' dir='ltr' id='par_1_1' title="bbox 559 334 1197 436">
     <span class='ocr_line' id='line_1_1' title="bbox 559 334 1197 436; baseline 0.006 -20"><span class='ocrx_word' id='word_1_1' title='bbox 559 334 638 436; x_wconf 72' lang='lat' dir='ltr'><strong>cap.</strong></span> <span class='ocrx_word' id='word_1_2' title='bbox 659 354 768 417; x_wconf 86' lang='lat'>1-11.</span> <span class='ocrx_word' id='word_1_3' title='bbox 794 374 799 379; x_wconf 94' lang='lat'>·</span> <span class='ocrx_word' id='word_1_4' title='bbox 1150 358 1197 420; x_wconf 82' lang='lat' dir='ltr'><strong>ar</strong></span> 
     </span>
    </p>
   </div>
   <div class='ocr_carea' id='block_1_2' title="bbox 127 522 1226 693">
    <p class='ocr_par' dir='ltr' id='par_1_2' title="bbox 127 522 1226 693">
     <span class='ocr_line' id='line_1_2' title="bbox 127 522 1226 609; baseline -0.004 -20"><span class='ocrx_word' id='word_1_5' title='bbox 127 523 230 590; x_wconf 89' lang='lat' dir='ltr'><strong>c.1.-</strong></span> <span class='ocrx_word' id='word_1_6' title='bbox 256 522 304 589; x_wconf 82' lang='lat' dir='ltr'><strong>Ut</strong></span> <span class='ocrx_word' id='word_1_7' title='bbox 328 540 479 588; x_wconf 79' lang='lat' dir='ltr'><strong>cooooum</strong></span> <span class='ocrx_word' id='word_1_8' title='bbox 509 531 637 588; x_wconf 68' lang='lat' dir='ltr'><strong>statuta</strong></span> <span class='ocrx_word' id='word_1_9' title='bbox 665 531 736 589; x_wconf 72' lang='lat' dir='ltr'><strong>rim</strong></span> <span class='ocrx_word' id='word_1_10' title='bbox 762 525 962 609; x_wconf 72' lang='lat' dir='ltr'><strong>proeisdc&#39;cs‘o</strong></span> <span class='ocrx_word' id='word_1_11' title='bbox 993 524 1032 589; x_wconf 84' lang='lat' dir='ltr'><strong>ab</strong></span> <span class='ocrx_word' id='word_1_12' title='bbox 1059 525 1226 592; x_wconf 60' lang='lat' dir='ltr'><strong>cambae.</strong></span> 
     </span>
     <span class='ocr_line' id='line_1_3' title="bbox 549 625 782 693; baseline -0.004 -3"><span class='ocrx_word' id='word_1_13' title='bbox 549 625 782 693; x_wconf 64' lang='lat' dir='ltr'><strong>corroderentur.</strong></span> 
     </span>
    </p>
   </div>
   <div class='ocr_carea' id='block_1_3' title="bbox 126 775 1280 1172">
    <p class='ocr_par' dir='ltr' id='par_1_3' title="bbox 126 775 1280 1172">
     <span class='ocr_line' id='line_1_4' title="bbox 126 775 1280 864; baseline 0.003 -20"><span class='ocrx_word' id='word_1_14' title='bbox 126 781 186 844; x_wconf 81' lang='lat' dir='ltr'><strong>Ex</strong></span> <span class='ocrx_word' id='word_1_15' title='bbox 209 776 381 844; x_wconf 90' lang='lat' dir='ltr'><strong>Concilio</strong></span> <span class='ocrx_word' id='word_1_16' title='bbox 403 775 610 860; x_wconf 87' lang='lat' dir='ltr'><strong>Meldensi‚</strong></span> <span class='ocrx_word' id='word_1_17' title='bbox 638 778 734 861; x_wconf 88' lang='lat' dir='ltr'><strong>quod</strong></span> <span class='ocrx_word' id='word_1_18' title='bbox 755 780 897 845; x_wconf 87' lang='lat' dir='ltr'><strong>fectum</strong></span> <span class='ocrx_word' id='word_1_19' title='bbox 922 781 997 846; x_wconf 84' lang='lat' dir='ltr'><strong>fuit</strong></span> <span class='ocrx_word' id='word_1_20' title='bbox 1021 785 1196 864; x_wconf 90' lang='lat' dir='ltr'><strong>tempori·</strong></span> <span class='ocrx_word' id='word_1_21' title='bbox 1271 808 1280 819; x_wconf 79' lang='grc'><em>·</em></span> 
     </span>
     <span class='ocr_line' id='line_1_5' title="bbox 126 878 1196 960; baseline 0.002 -14"><span class='ocrx_word' id='word_1_22' title='bbox 126 882 196 946; x_wconf 84' lang='lat' dir='ltr'><strong>bus</strong></span> <span class='ocrx_word' id='word_1_23' title='bbox 222 878 361 946; x_wconf 87' lang='lat' dir='ltr'><strong>Karoli</strong></span> <span class='ocrx_word' id='word_1_24' title='bbox 386 882 563 960; x_wconf 89' lang='lat' dir='ltr'><strong>iunioris,</strong></span> <span class='ocrx_word' id='word_1_25' title='bbox 596 903 692 945; x_wconf 85' lang='lat' dir='ltr'><strong>enno</strong></span> <span class='ocrx_word' id='word_1_26' title='bbox 721 882 931 949; x_wconf 76' lang='lat' dir='ltr'><strong>dominicae</strong></span> <span class='ocrx_word' id='word_1_27' title='bbox 962 886 1196 950; x_wconf 85' lang='lat' dir='ltr'><strong>incarnatio·</strong></span> 
     </span>
     <span class='ocr_line' id='line_1_6' title="bbox 206 976 1118 1072; baseline 0.002 -25"><span class='ocrx_word' id='word_1_28' title='bbox 206 985 265 1048; x_wconf 91' lang='lat' dir='ltr'><strong>nis</strong></span> <span class='ocrx_word' id='word_1_29' title='bbox 287 976 824 1064; x_wconf 77' lang='lat' dir='ltr'><strong>DccchV.‚v.Ka1.1u1.‚</strong></span> <span class='ocrx_word' id='word_1_30' title='bbox 848 986 979 1050; x_wconf 88' lang='lat' dir='ltr'><strong>indict.</strong></span> <span class='ocrx_word' id='word_1_31' title='bbox 999 985 1118 1072; x_wconf 65' lang='lat' dir='ltr'><strong>vul„</strong></span> 
     </span>
     <span class='ocr_line' id='line_1_7' title="bbox 560 1084 768 1172; baseline 0 -23"><span class='ocrx_word' id='word_1_32' title='bbox 560 1084 659 1149; x_wconf 86' lang='lat' dir='ltr'><strong>titul.</strong></span> <span class='ocrx_word' id='word_1_33' title='bbox 681 1084 768 1172; x_wconf 79' lang='lat' dir='ltr'><strong>X·).</strong></span> 
     </span>
    </p>
   </div>
   <div class='ocr_carea' id='block_1_4' title="bbox 128 1219 1197 1897">
    <p class='ocr_par' dir='ltr' id='par_1_4' title="bbox 128 1219 1197 1897">
     <span class='ocr_line' id='line_1_8' title="bbox 214 1219 1197 1301; baseline 0.002 -15"><span class='ocrx_word' id='word_1_34' title='bbox 214 1219 261 1286; x_wconf 90' lang='lat' dir='ltr'><strong>Ut</strong></span> <span class='ocrx_word' id='word_1_35' title='bbox 278 1242 434 1284; x_wconf 85' lang='lat' dir='ltr'><strong>canonum</strong></span> <span class='ocrx_word' id='word_1_36' title='bbox 458 1225 580 1285; x_wconf 82' lang='lat' dir='ltr'><strong>statuta</strong></span> <span class='ocrx_word' id='word_1_37' title='bbox 607 1225 676 1285; x_wconf 91' lang='lat' dir='ltr'><strong>sine</strong></span> <span class='ocrx_word' id='word_1_38' title='bbox 701 1224 895 1301; x_wconf 89' lang='lat' dir='ltr'><strong>praeiudicio</strong></span> <span class='ocrx_word' id='word_1_39' title='bbox 918 1223 959 1287; x_wconf 86' lang='lat' dir='ltr'><strong>ab</strong></span> <span class='ocrx_word' id='word_1_40' title='bbox 982 1223 1125 1288; x_wconf 83' lang='lat' dir='ltr'><strong>omnibus</strong></span> <span class='ocrx_word' id='word_1_41' title='bbox 1144 1246 1197 1288; x_wconf 82' lang='lat' dir='ltr'><strong>cu·</strong></span> 
     </span>
     <span class='ocr_line' id='line_1_9' title="bbox 128 1323 1196 1402; baseline 0 -13"><span class='ocrx_word' id='word_1_42' title='bbox 128 1325 322 1402; x_wconf 89' lang='lat' dir='ltr'><strong>stodiantur‚</strong></span> <span class='ocrx_word' id='word_1_43' title='bbox 341 1330 374 1387; x_wconf 93' lang='lat' dir='ltr'><strong>et</strong></span> <span class='ocrx_word' id='word_1_44' title='bbox 391 1343 485 1387; x_wconf 90' lang='lat' dir='ltr'><strong>nemo</strong></span> <span class='ocrx_word' id='word_1_45' title='bbox 500 1324 536 1389; x_wconf 88' lang='lat' dir='ltr'><strong>in</strong></span> <span class='ocrx_word' id='word_1_46' title='bbox 557 1324 733 1386; x_wconf 89' lang='lat' dir='ltr'><strong>actionibus</strong></span> <span class='ocrx_word' id='word_1_47' title='bbox 755 1323 806 1387; x_wconf 87' lang='lat' dir='ltr'><strong>vel</strong></span> <span class='ocrx_word' id='word_1_48' title='bbox 829 1325 952 1389; x_wconf 89' lang='lat' dir='ltr'><strong>iudiciis</strong></span> <span class='ocrx_word' id='word_1_49' title='bbox 974 1324 1196 1390; x_wconf 79' lang='lat' dir='ltr'><strong>ecclesiasticis</strong></span> 
     </span>
     <span class='ocr_line' id='line_1_10' title="bbox 129 1425 1194 1508; baseline 0.002 -18"><span class='ocrx_word' id='word_1_50' title='bbox 129 1449 186 1490; x_wconf 89' lang='lat' dir='ltr'><strong>suo</strong></span> <span class='ocrx_word' id='word_1_51' title='bbox 205 1447 314 1504; x_wconf 91' lang='lat' dir='ltr'><strong>sensu,</strong></span> <span class='ocrx_word' id='word_1_52' title='bbox 332 1425 390 1488; x_wconf 85' lang='lat' dir='ltr'><strong>sed</strong></span> <span class='ocrx_word' id='word_1_53' title='bbox 408 1447 517 1488; x_wconf 91' lang='lat' dir='ltr'><strong>eorum</strong></span> <span class='ocrx_word' id='word_1_54' title='bbox 539 1427 731 1488; x_wconf 86' lang='lat' dir='ltr'><strong>auctoritate</strong></span> <span class='ocrx_word' id='word_1_55' title='bbox 754 1425 913 1490; x_wconf 65' lang='lat' dir='ltr'><strong>ductetur.x</strong></span> <span class='ocrx_word' id='word_1_56' title='bbox 940 1427 978 1490; x_wconf 94' lang='lat' dir='ltr'><strong>In</strong></span> <span class='ocrx_word' id='word_1_57' title='bbox 997 1428 1194 1508; x_wconf 75' lang='lat' dir='ltr'><strong>exponendii</strong></span> 
     </span>
     <span class='ocr_line' id='line_1_11' title="bbox 129 1526 1197 1607; baseline 0.001 -16"><span class='ocrx_word' id='word_1_58' title='bbox 129 1530 224 1591; x_wconf 89' lang='lat' dir='ltr'><strong>etiam</strong></span> <span class='ocrx_word' id='word_1_59' title='bbox 242 1526 296 1590; x_wconf 90' lang='lat' dir='ltr'><strong>vel</strong></span> <span class='ocrx_word' id='word_1_60' title='bbox 311 1527 530 1607; x_wconf 81' lang='lat' dir='ltr'><strong>praedicandis</strong></span> <span class='ocrx_word' id='word_1_61' title='bbox 549 1527 662 1590; x_wconf 87' lang='lat' dir='ltr'><strong>divinis</strong></span> <span class='ocrx_word' id='word_1_62' title='bbox 681 1530 841 1607; x_wconf 88' lang='lat' dir='ltr'><strong>scripturis</strong></span> <span class='ocrx_word' id='word_1_63' title='bbox 862 1536 1042 1592; x_wconf 87' lang='lat' dir='ltr'><strong>sanctorum</strong></span> <span class='ocrx_word' id='word_1_64' title='bbox 1064 1528 1197 1592; x_wconf 89' lang='lat' dir='ltr'><strong>catholi-</strong></span> 
     </span>
     <span class='ocr_line' id='line_1_12' title="bbox 129 1627 1194 1710; baseline 0.001 -18"><span class='ocrx_word' id='word_1_65' title='bbox 129 1651 237 1692; x_wconf 90' lang='lat' dir='ltr'><strong>corum</strong></span> <span class='ocrx_word' id='word_1_66' title='bbox 255 1640 377 1708; x_wconf 88' lang='lat' dir='ltr'><strong>patrum</strong></span> <span class='ocrx_word' id='word_1_67' title='bbox 395 1635 428 1690; x_wconf 91' lang='lat' dir='ltr'><strong>et</strong></span> <span class='ocrx_word' id='word_1_68' title='bbox 444 1627 739 1707; x_wconf 87' lang='lat' dir='ltr'><strong>probatissimorum</strong></span> <span class='ocrx_word' id='word_1_69' title='bbox 753 1650 879 1693; x_wconf 79' lang='lat' dir='ltr'><strong>sensum</strong></span> <span class='ocrx_word' id='word_1_70' title='bbox 893 1633 1022 1710; x_wconf 90' lang='lat' dir='ltr'><strong>quisque</strong></span> <span class='ocrx_word' id='word_1_71' title='bbox 1035 1639 1194 1710; x_wconf 88' lang='lat' dir='ltr'><strong>sequatur,</strong></span> 
     </span>
     <span class='ocr_line' id='line_1_13' title="bbox 128 1729 1195 1815; baseline 0.002 -22"><span class='ocrx_word' id='word_1_72' title='bbox 128 1734 160 1794; x_wconf 93' lang='lat' dir='ltr'><strong>in</strong></span> <span class='ocrx_word' id='word_1_73' title='bbox 179 1752 312 1810; x_wconf 86' lang='lat' dir='ltr'><strong>quorum</strong></span> <span class='ocrx_word' id='word_1_74' title='bbox 329 1731 468 1810; x_wconf 82' lang='lat' dir='ltr'><strong>scriptia,</strong></span> <span class='ocrx_word' id='word_1_75' title='bbox 486 1736 521 1792; x_wconf 90' lang='lat' dir='ltr'><strong>ut</strong></span> <span class='ocrx_word' id='word_1_76' title='bbox 537 1729 649 1794; x_wconf 86' lang='lat' dir='ltr'><strong>beatus</strong></span> <span class='ocrx_word' id='word_1_77' title='bbox 671 1730 748 1794; x_wconf 93' lang='lat' dir='ltr'><strong>dicit</strong></span> <span class='ocrx_word' id='word_1_78' title='bbox 764 1729 995 1815; x_wconf 83' lang='lat' dir='ltr'><strong>Hieronymus,</strong></span> <span class='ocrx_word' id='word_1_79' title='bbox 1014 1730 1092 1797; x_wconf 90' lang='lat' dir='ltr'><strong>fidei</strong></span> <span class='ocrx_word' id='word_1_80' title='bbox 1108 1734 1195 1795; x_wconf 84' lang='lat' dir='ltr'><strong>veri-</strong></span> 
     </span>
     <span class='ocr_line' id='line_1_14' title="bbox 129 1828 417 1897; baseline 0.007 -2"><span class='ocrx_word' id='word_1_81' title='bbox 129 1843 178 1895; x_wconf 85' lang='lat' dir='ltr'><strong>tas</strong></span> <span class='ocrx_word' id='word_1_82' title='bbox 195 1853 262 1895; x_wconf 91' lang='lat' dir='ltr'><strong>non</strong></span> <span class='ocrx_word' id='word_1_83' title='bbox 279 1828 417 1897; x_wconf 82' lang='lat' dir='ltr'><strong>vacillat.</strong></span> 
     </span>
    </p>
   </div>
   <div class='ocr_carea' id='block_1_5' title="bbox 128 1999 1193 2103">
    <p class='ocr_par' dir='ltr' id='par_1_5' title="bbox 128 1999 1193 2103">
     <span class='ocr_line' id='line_1_15' title="bbox 128 1999 1193 2103; baseline 0.003 -38"><span class='ocrx_word' id='word_1_84' title='bbox 128 1999 165 2065; x_wconf 85' lang='lat' dir='ltr'><strong>C.</strong></span> <span class='ocrx_word' id='word_1_85' title='bbox 183 2001 225 2066; x_wconf 87' lang='grc' dir='ltr'><strong>Π.</strong></span> <span class='ocrx_word' id='word_1_86' title='bbox 266 2000 397 2103; x_wconf 76' lang='lat' dir='ltr'><strong>Qualem</strong></span> <span class='ocrx_word' id='word_1_87' title='bbox 410 2007 586 2066; x_wconf 72' lang='lat' dir='ltr'><strong>ministrum</strong></span> <span class='ocrx_word' id='word_1_88' title='bbox 599 2009 760 2088; x_wconf 65' lang='lat' dir='ltr'><strong>epsicopum</strong></span> <span class='ocrx_word' id='word_1_89' title='bbox 777 2011 875 2069; x_wconf 75' lang='lat' dir='ltr'><strong>iuxta</strong></span> <span class='ocrx_word' id='word_1_90' title='bbox 893 2026 927 2069; x_wconf 82' lang='lat' dir='ltr'><strong>re</strong></span> <span class='ocrx_word' id='word_1_91' title='bbox 939 2003 1056 2070; x_wconf 81' lang='lat' dir='ltr'><strong>babere</strong></span> <span class='ocrx_word' id='word_1_92' title='bbox 1068 2002 1193 2070; x_wconf 76' lang='lat' dir='ltr'><strong>debeat.</strong></span> 
     </span>
    </p>
   </div>
   <div class='ocr_carea' id='block_1_6' title="bbox 340 2136 989 2226">
    <p class='ocr_par' dir='ltr' id='par_1_6' title="bbox 340 2136 989 2226">
     <span class='ocr_line' id='line_1_16' title="bbox 340 2136 989 2226; baseline 0.005 -25"><span class='ocrx_word' id='word_1_93' title='bbox 340 2137 397 2202; x_wconf 86' lang='lat' dir='ltr'><strong>Ex</strong></span> <span class='ocrx_word' id='word_1_94' title='bbox 415 2138 543 2202; x_wconf 90' lang='lat' dir='ltr'><strong>eodem</strong></span> <span class='ocrx_word' id='word_1_95' title='bbox 562 2136 752 2218; x_wconf 83' lang='lat' dir='ltr'><strong>Concilio,</strong></span> <span class='ocrx_word' id='word_1_96' title='bbox 770 2140 868 2204; x_wconf 89' lang='lat' dir='ltr'><strong>titul.</strong></span> <span class='ocrx_word' id='word_1_97' title='bbox 886 2139 989 2226; x_wconf 57' lang='lat' dir='ltr'><strong>xla).</strong></span> 
     </span>
    </p>
   </div>
   <div class='ocr_carea' id='block_1_7' title="bbox 80 2255 1196 3460">
    <p class='ocr_par' dir='ltr' id='par_1_7' title="bbox 80 2255 1196 3460">
     <span class='ocr_line' id='line_1_17' title="bbox 211 2255 1195 2339; baseline 0.002 -17"><span class='ocrx_word' id='word_1_98' title='bbox 211 2255 260 2322; x_wconf 87' lang='lat' dir='ltr'><strong>Ut</strong></span> <span class='ocrx_word' id='word_1_99' title='bbox 275 2259 403 2337; x_wconf 88' lang='lat' dir='ltr'><strong>quisque</strong></span> <span class='ocrx_word' id='word_1_100' title='bbox 421 2259 587 2337; x_wconf 90' lang='lat' dir='ltr'><strong>episcopus</strong></span> <span class='ocrx_word' id='word_1_101' title='bbox 605 2258 703 2321; x_wconf 87' lang='lat' dir='ltr'><strong>telem</strong></span> <span class='ocrx_word' id='word_1_102' title='bbox 719 2260 811 2322; x_wconf 90' lang='lat' dir='ltr'><strong>iuxta</strong></span> <span class='ocrx_word' id='word_1_103' title='bbox 824 2281 859 2323; x_wconf 89' lang='lat' dir='ltr'><strong>se</strong></span> <span class='ocrx_word' id='word_1_104' title='bbox 871 2282 929 2339; x_wconf 93' lang='lat' dir='ltr'><strong>pro</strong></span> <span class='ocrx_word' id='word_1_105' title='bbox 942 2259 1062 2323; x_wconf 82' lang='lat' dir='ltr'><strong>viribus</strong></span> <span class='ocrx_word' id='word_1_106' title='bbox 1076 2259 1195 2324; x_wconf 87' lang='lat' dir='ltr'><strong>bebere</strong></span> 
     </span>
     <span class='ocr_line' id='line_1_18' title="bbox 127 2361 1196 2439; baseline 0.002 -17"><span class='ocrx_word' id='word_1_107' title='bbox 127 2362 283 2433; x_wconf 86' lang='lat' dir='ltr'><strong>decertet,</strong></span> <span class='ocrx_word' id='word_1_108' title='bbox 316 2361 483 2439; x_wconf 84' lang='lat' dir='ltr'><strong>qui&#39;iuxta</strong></span> <span class='ocrx_word' id='word_1_109' title='bbox 510 2362 754 2422; x_wconf 84' lang='lat' dir='ltr'><strong>sincerissimum</strong></span> <span class='ocrx_word' id='word_1_110' title='bbox 781 2367 814 2423; x_wconf 92' lang='lat' dir='ltr'><strong>et</strong></span> <span class='ocrx_word' id='word_1_111' title='bbox 839 2363 1038 2439; x_wconf 84' lang='lat' dir='ltr'><strong>purissimum</strong></span> <span class='ocrx_word' id='word_1_112' title='bbox 1069 2382 1196 2424; x_wconf 91' lang='lat' dir='ltr'><strong>sensum</strong></span> 
     </span>
     <span class='ocr_line' id='line_1_19' title="bbox 127 2459 1195 2543; baseline 0.001 -18"><span class='ocrx_word' id='word_1_113' title='bbox 127 2460 352 2526; x_wconf 87' lang='lat' dir='ltr'><strong>catholicorum</strong></span> <span class='ocrx_word' id='word_1_114' title='bbox 375 2468 516 2540; x_wconf 84' lang='lat' dir='ltr'><strong>patrum,</strong></span> <span class='ocrx_word' id='word_1_115' title='bbox 542 2459 648 2543; x_wconf 89' lang='lat' dir='ltr'><strong>fide¹)</strong></span> <span class='ocrx_word' id='word_1_116' title='bbox 671 2467 703 2524; x_wconf 91' lang='lat' dir='ltr'><strong>et</strong></span> <span class='ocrx_word' id='word_1_117' title='bbox 725 2461 949 2524; x_wconf 88' lang='lat' dir='ltr'><strong>observatione</strong></span> <span class='ocrx_word' id='word_1_118' title='bbox 974 2461 1195 2526; x_wconf 84' lang='lat' dir='ltr'><strong>mendatorum</strong></span> 
     </span>
     <span class='ocr_line' id='line_1_20' title="bbox 127 2561 1195 2647; baseline 0.001 -21"><span class='ocrx_word' id='word_1_119' title='bbox 127 2561 190 2627; x_wconf 85' lang='lat' dir='ltr'><strong>Dei</strong></span> <span class='ocrx_word' id='word_1_120' title='bbox 216 2585 274 2628; x_wconf 81' lang='lat' dir='ltr'><strong>seu</strong></span> <span class='ocrx_word' id='word_1_121' title='bbox 291 2569 324 2626; x_wconf 90' lang='lat' dir='ltr'><strong>et</strong></span> <span class='ocrx_word' id='word_1_122' title='bbox 341 2562 585 2641; x_wconf 72' lang='lat' dir='ltr'><strong>praedicationis</strong></span> <span class='ocrx_word' id='word_1_123' title='bbox 612 2563 756 2626; x_wconf 87' lang='lat' dir='ltr'><strong>doctrine</strong></span> <span class='ocrx_word' id='word_1_124' title='bbox 768 2566 801 2647; x_wconf 84' lang='lat'><strong>²)</strong></span> <span class='ocrx_word' id='word_1_125' title='bbox 827 2562 1029 2644; x_wconf 79' lang='lat' dir='ltr'><strong>presbyteros</strong></span> <span class='ocrx_word' id='word_1_126' title='bbox 1055 2561 1195 2643; x_wconf 87' lang='lat' dir='ltr'><strong>plebium</strong></span> 
     </span>
     <span class='ocr_line' id='line_1_21' title="bbox 128 2663 1195 2745; baseline 0 -18"><span class='ocrx_word' id='word_1_127' title='bbox 128 2665 252 2728; x_wconf 87' lang='lat' dir='ltr'><strong>assidue</strong></span> <span class='ocrx_word' id='word_1_128' title='bbox 269 2667 406 2728; x_wconf 89' lang='lat' dir='ltr'><strong>instruat</strong></span> <span class='ocrx_word' id='word_1_129' title='bbox 423 2671 456 2726; x_wconf 91' lang='lat' dir='ltr'><strong>et</strong></span> <span class='ocrx_word' id='word_1_130' title='bbox 472 2664 637 2744; x_wconf 84' lang='lat' dir='ltr'><strong>informet,</strong></span> <span class='ocrx_word' id='word_1_131' title='bbox 661 2686 701 2726; x_wconf 90' lang='lat' dir='ltr'><strong>ne</strong></span> <span class='ocrx_word' id='word_1_132' title='bbox 720 2665 831 2728; x_wconf 91' lang='lat' dir='ltr'><strong>domus</strong></span> <span class='ocrx_word' id='word_1_133' title='bbox 854 2663 917 2728; x_wconf 90' lang='lat' dir='ltr'><strong>Dei</strong></span> <span class='ocrx_word' id='word_1_134' title='bbox 934 2667 1014 2743; x_wconf 86' lang='lat' dir='ltr'><strong>vivi,</strong></span> <span class='ocrx_word' id='word_1_135' title='bbox 1042 2684 1122 2745; x_wconf 82' lang='lat' dir='ltr'><strong>quae</strong></span> <span class='ocrx_word' id='word_1_136' title='bbox 1145 2671 1195 2728; x_wconf 88' lang='lat' dir='ltr'><strong>est</strong></span> 
     </span>
     <span class='ocr_line' id='line_1_22' title="bbox 129 2765 1193 2851; baseline 0 -21"><span class='ocrx_word' id='word_1_137' title='bbox 129 2766 273 2844; x_wconf 85' lang='lat' dir='ltr'><strong>ecclesia,</strong></span> <span class='ocrx_word' id='word_1_138' title='bbox 292 2767 359 2828; x_wconf 88' lang='lat' dir='ltr'><strong>sine</strong></span> <span class='ocrx_word' id='word_1_139' title='bbox 376 2765 505 2828; x_wconf 87' lang='lat' dir='ltr'><strong>lucerne</strong></span> <span class='ocrx_word' id='word_1_140' title='bbox 517 2766 609 2830; x_wconf 86' lang='lat' dir='ltr'><strong>verbi</strong></span> <span class='ocrx_word' id='word_1_141' title='bbox 621 2767 722 2829; x_wconf 89' lang='lat' dir='ltr'><strong>divini</strong></span> <span class='ocrx_word' id='word_1_142' title='bbox 735 2773 907 2831; x_wconf 88' lang='lat' dir='ltr'><strong>remaneat.</strong></span> <span class='ocrx_word' id='word_1_143' title='bbox 944 2766 1008 2829; x_wconf 85' lang='lat' dir='ltr'><strong>Sed</strong></span> <span class='ocrx_word' id='word_1_144' title='bbox 1022 2776 1055 2831; x_wconf 87' lang='lat' dir='ltr'><strong>et</strong></span> <span class='ocrx_word' id='word_1_145' title='bbox 1068 2767 1193 2851; x_wconf 71' lang='lat' dir='ltr'><strong>idem&#39;)</strong></span> 
     </span>
     <span class='ocr_line' id='line_1_23' title="bbox 129 2865 1194 2950; baseline 0 -19"><span class='ocrx_word' id='word_1_146' title='bbox 129 2865 198 2931; x_wconf 83' lang='lat' dir='ltr'><strong>talis</strong></span> <span class='ocrx_word' id='word_1_147' title='bbox 216 2869 352 2946; x_wconf 85' lang='lat' dir='ltr'><strong>existat,</strong></span> <span class='ocrx_word' id='word_1_148' title='bbox 371 2888 463 2947; x_wconf 90' lang='lat' dir='ltr'><strong>quem</strong></span> <span class='ocrx_word' id='word_1_149' title='bbox 485 2888 576 2930; x_wconf 88' lang='lat' dir='ltr'><strong>amor</strong></span> <span class='ocrx_word' id='word_1_150' title='bbox 600 2871 751 2949; x_wconf 87' lang='lat' dir='ltr'><strong>pecuniae</strong></span> <span class='ocrx_word' id='word_1_151' title='bbox 774 2890 838 2933; x_wconf 95' lang='lat' dir='ltr'><strong>non</strong></span> <span class='ocrx_word' id='word_1_152' title='bbox 861 2875 974 2947; x_wconf 86' lang='lat' dir='ltr'><strong>vexet,</strong></span> <span class='ocrx_word' id='word_1_153' title='bbox 993 2874 1049 2932; x_wconf 86' lang='lat' dir='ltr'><strong>aut</strong></span> <span class='ocrx_word' id='word_1_154' title='bbox 1065 2868 1194 2950; x_wconf 87' lang='lat' dir='ltr'><strong>reprobi</strong></span> 
     </span>
     <span class='ocr_line' id='line_1_24' title="bbox 80 2968 1193 3050; baseline 0.001 -18"><span class='ocrx_word' id='word_1_155' title='bbox 80 2992 83 3001; x_wconf 67' lang='lat'><em>¹</em></span> <span class='ocrx_word' id='word_1_156' title='bbox 129 2991 230 3033; x_wconf 89' lang='lat' dir='ltr'><strong>mores</strong></span> <span class='ocrx_word' id='word_1_157' title='bbox 263 2977 296 3032; x_wconf 90' lang='lat' dir='ltr'><strong>et</strong></span> <span class='ocrx_word' id='word_1_158' title='bbox 325 2970 523 3032; x_wconf 74' lang='lat' dir='ltr'><strong>conversatio</strong></span> <span class='ocrx_word' id='word_1_159' title='bbox 553 2968 810 3050; x_wconf 85' lang='lat' dir='ltr'><strong>reprehensibilis</strong></span> <span class='ocrx_word' id='word_1_160' title='bbox 841 2970 1091 3034; x_wconf 90' lang='lat' dir='ltr'><strong>contemtibilem</strong></span> <span class='ocrx_word' id='word_1_161' title='bbox 1119 2970 1193 3033; x_wconf 92' lang='lat' dir='ltr'><strong>red·</strong></span> 
     </span>
     <span class='ocr_line' id='line_1_25' title="bbox 115 3069 1193 3156; baseline -0.002 -21"><span class='ocrx_word' id='word_1_162' title='bbox 115 3073 231 3156; x_wconf 10' lang='lat' dir='ltr'><strong>llam).</strong></span> <span class='ocrx_word' id='word_1_163' title='bbox 275 3069 361 3135; x_wconf 89' lang='lat' dir='ltr'><strong>Hinc</strong></span> <span class='ocrx_word' id='word_1_164' title='bbox 379 3078 442 3150; x_wconf 82' lang='lat' dir='ltr'><strong>est,</strong></span> <span class='ocrx_word' id='word_1_165' title='bbox 462 3071 556 3150; x_wconf 87' lang='lat' dir='ltr'><strong>quod,</strong></span> <span class='ocrx_word' id='word_1_166' title='bbox 581 3093 650 3135; x_wconf 88' lang='lat' dir='ltr'><strong>cum</strong></span> <span class='ocrx_word' id='word_1_167' title='bbox 667 3071 800 3154; x_wconf 86' lang='lat' dir='ltr'><strong>Moyses</strong></span> <span class='ocrx_word' id='word_1_168' title='bbox 824 3072 984 3153; x_wconf 86' lang='lat' dir='ltr'><strong>querelam</strong></span> <span class='ocrx_word' id='word_1_169' title='bbox 1005 3074 1038 3135; x_wconf 92' lang='lat' dir='ltr'><strong>in</strong></span> <span class='ocrx_word' id='word_1_170' title='bbox 1062 3091 1193 3150; x_wconf 84' lang='lat' dir='ltr'><strong>conspe·</strong></span> 
     </span>
     <span class='ocr_line' id='line_1_26' title="bbox 131 3170 1193 3254; baseline 0 -20"><span class='ocrx_word' id='word_1_171' title='bbox 131 3180 179 3235; x_wconf 88' lang='lat' dir='ltr'><strong>ctu</strong></span> <span class='ocrx_word' id='word_1_172' title='bbox 195 3170 261 3236; x_wconf 91' lang='lat' dir='ltr'><strong>Dei</strong></span> <span class='ocrx_word' id='word_1_173' title='bbox 278 3172 507 3252; x_wconf 85' lang='lat' dir='ltr'><strong>deponeret⁵)‚</strong></span> <span class='ocrx_word' id='word_1_174' title='bbox 534 3194 596 3236; x_wconf 94' lang='lat' dir='ltr'><strong>non</strong></span> <span class='ocrx_word' id='word_1_175' title='bbox 624 3195 659 3236; x_wconf 91' lang='lat' dir='ltr'><strong>se</strong></span> <span class='ocrx_word' id='word_1_176' title='bbox 679 3196 775 3253; x_wconf 86' lang='lat' dir='ltr'><strong>posse</strong></span> <span class='ocrx_word' id='word_1_177' title='bbox 800 3182 928 3254; x_wconf 91' lang='lat' dir='ltr'><strong>portare</strong></span> <span class='ocrx_word' id='word_1_178' title='bbox 954 3181 1077 3237; x_wconf 90' lang='lat' dir='ltr'><strong>tantum</strong></span> <span class='ocrx_word' id='word_1_179' title='bbox 1102 3193 1193 3251; x_wconf 87' lang='lat' dir='ltr'><strong>onus,</strong></span> 
     </span>
     <span class='ocr_line' id='line_1_27' title="bbox 132 3274 1194 3361; baseline 0.003 -25"><span class='ocrx_word' id='word_1_180' title='bbox 132 3275 210 3352; x_wconf 82' lang='lat' dir='ltr'><strong>quod</strong></span> <span class='ocrx_word' id='word_1_181' title='bbox 233 3276 264 3337; x_wconf 92' lang='lat' dir='ltr'><strong>ei</strong></span> <span class='ocrx_word' id='word_1_182' title='bbox 279 3275 385 3338; x_wconf 86' lang='lat' dir='ltr'><strong>fuerat</strong></span> <span class='ocrx_word' id='word_1_183' title='bbox 405 3276 599 3354; x_wconf 84' lang='lat' dir='ltr'><strong>impositum,</strong></span> <span class='ocrx_word' id='word_1_184' title='bbox 619 3275 740 3339; x_wconf 84' lang='lat' dir='ltr'><strong>audivit</strong></span> <span class='ocrx_word' id='word_1_185' title='bbox 757 3298 774 3339; x_wconf 94' lang='lat' dir='ltr'><strong>a</strong></span> <span class='ocrx_word' id='word_1_186' title='bbox 793 3275 934 3339; x_wconf 88' lang='lat' dir='ltr'><strong>Domino</strong></span> <span class='ocrx_word' id='word_1_187' title='bbox 944 3275 1004 3361; x_wconf 86' lang='lat'><strong>†):</strong></span> <span class='ocrx_word' id='word_1_188' title='bbox 1026 3274 1194 3358; x_wconf 79' lang='lat' dir='ltr'><strong>Congrega</strong></span> 
     </span>
     <span class='ocr_line' id='line_1_28' title="bbox 132 3375 1193 3460; baseline 0 -23"><span class='ocrx_word' id='word_1_189' title='bbox 132 3375 204 3439; x_wconf 78' lang='lat' dir='ltr'><strong>nidi</strong></span> <span class='ocrx_word' id='word_1_190' title='bbox 220 3384 429 3460; x_wconf 75' lang='lat' dir='ltr'><strong>septuaginta</strong></span> <span class='ocrx_word' id='word_1_191' title='bbox 448 3383 532 3440; x_wconf 75' lang='lat' dir='ltr'><strong>viror</strong></span> <span class='ocrx_word' id='word_1_192' title='bbox 549 3377 589 3440; x_wconf 85' lang='lat' dir='ltr'><strong>de</strong></span> <span class='ocrx_word' id='word_1_193' title='bbox 605 3375 778 3440; x_wconf 72' lang='lat' dir='ltr'><strong>senioribus</strong></span> <span class='ocrx_word' id='word_1_194' title='bbox 799 3375 920 3453; x_wconf 66' lang='lat' dir='ltr'><strong>Israel,</strong></span> <span class='ocrx_word' id='word_1_195' title='bbox 943 3396 1017 3456; x_wconf 78' lang='lat' dir='ltr'><strong>quos</strong></span> <span class='ocrx_word' id='word_1_196' title='bbox 1039 3384 1075 3439; x_wconf 78' lang='lat' dir='ltr'><strong>to</strong></span> <span class='ocrx_word' id='word_1_197' title='bbox 1097 3380 1193 3451; x_wconf 79' lang='lat' dir='ltr'><strong>ocati,</strong></span> 
     </span>
    </p>
   </div>
   <div class='ocr_carea' id='block_1_8' title="bbox 81 3546 1194 3695">
    <p class='ocr_par' dir='ltr' id='par_1_8' title="bbox 81 3546 1194 3695">
     <span class='ocr_line' id='line_1_29' title="bbox 194 3546 1193 3631; baseline 0 -19"><span class='ocrx_word' id='word_1_198' title='bbox 194 3567 222 3613; x_wconf 79' lang='lat' dir='ltr'><strong>c.</strong></span> <span class='ocrx_word' id='word_1_199' title='bbox 239 3567 258 3613; x_wconf 78' lang='lat' dir='ltr'><strong>l.</strong></span> <span class='ocrx_word' id='word_1_200' title='bbox 284 3563 312 3631; x_wconf 85' lang='lat' dir='ltr'><strong>e)</strong></span> <span class='ocrx_word' id='word_1_201' title='bbox 323 3569 392 3614; x_wconf 79' lang='lat' dir='ltr'><strong>Inter</strong></span> <span class='ocrx_word' id='word_1_202' title='bbox 401 3546 433 3614; x_wconf 71' lang='lat' dir='ltr'><strong>dd</strong></span> <span class='ocrx_word' id='word_1_203' title='bbox 442 3565 519 3614; x_wconf 77' lang='lat' dir='ltr'><strong>buius</strong></span> <span class='ocrx_word' id='word_1_204' title='bbox 529 3565 633 3614; x_wconf 77' lang='lat' dir='ltr'><strong>concilii</strong></span> <span class='ocrx_word' id='word_1_205' title='bbox 643 3565 806 3613; x_wconf 77' lang='lat' dir='ltr'><strong>canoneoert</strong></span> <span class='ocrx_word' id='word_1_206' title='bbox 815 3563 938 3622; x_wconf 65' lang='lat' dir='ltr'><strong>decimum</strong></span> <span class='ocrx_word' id='word_1_207' title='bbox 956 3577 1034 3622; x_wconf 83' lang='lat' dir='ltr'><strong>quum</strong></span> <span class='ocrx_word' id='word_1_208' title='bbox 1043 3566 1107 3610; x_wconf 79' lang='lat' dir='ltr'><strong>vcro</strong></span> <span class='ocrx_word' id='word_1_209' title='bbox 1114 3562 1141 3610; x_wconf 85' lang='lat' dir='ltr'><strong>in</strong></span> <span class='ocrx_word' id='word_1_210' title='bbox 1150 3575 1193 3612; x_wconf 81' lang='lat' dir='ltr'><strong>eo·</strong></span> 
     </span>
     <span class='ocr_line' id='line_1_30' title="bbox 81 3630 1194 3695; baseline 0.002 -16"><span class='ocrx_word' id='word_1_211' title='bbox 81 3656 88 3675; x_wconf 84' lang='lat'><strong>.</strong></span> <span class='ocrx_word' id='word_1_212' title='bbox 135 3633 184 3680; x_wconf 80' lang='lat' dir='ltr'><strong>desa</strong></span> <span class='ocrx_word' id='word_1_213' title='bbox 196 3648 310 3683; x_wconf 72' lang='lat' dir='ltr'><strong>maone·</strong></span> <span class='ocrx_word' id='word_1_214' title='bbox 322 3650 424 3695; x_wconf 85' lang='lat' dir='ltr'><strong>quoque</strong></span> <span class='ocrx_word' id='word_1_215' title='bbox 440 3635 625 3683; x_wconf 81' lang='lat' dir='ltr'><strong>nonnullarum</strong></span> <span class='ocrx_word' id='word_1_216' title='bbox 643 3634 757 3694; x_wconf 83' lang='lat' dir='ltr'><strong>priorum</strong></span> <span class='ocrx_word' id='word_1_217' title='bbox 774 3633 944 3693; x_wconf 78' lang='lat' dir='ltr'><strong>synodorum,</strong></span> <span class='ocrx_word' id='word_1_218' title='bbox 963 3630 1035 3681; x_wconf 85' lang='lat' dir='ltr'><strong>velut</strong></span> <span class='ocrx_word' id='word_1_219' title='bbox 1049 3630 1194 3681; x_wconf 76' lang='lat' dir='ltr'><strong>adllelueo.</strong></span> 
     </span>
    </p>
   </div>
   <div class='ocr_carea' id='block_1_9' title="bbox 135 3701 1192 3903">
    <p class='ocr_par' dir='ltr' id='par_1_9' title="bbox 135 3701 1192 3903">
     <span class='ocr_line' id='line_1_31' title="bbox 135 3701 1192 3764; baseline 0.005 -18"><span class='ocrx_word' id='word_1_220' title='bbox 135 3701 255 3763; x_wconf 64' lang='lat' dir='ltr'><strong>leonae„</strong></span> <span class='ocrx_word' id='word_1_221' title='bbox 274 3703 385 3763; x_wconf 84' lang='lat' dir='ltr'><strong>recepti,</strong></span> <span class='ocrx_word' id='word_1_222' title='bbox 403 3701 580 3753; x_wconf 84' lang='lat' dir='ltr'><strong>Meldenribur</strong></span> <span class='ocrx_word' id='word_1_223' title='bbox 594 3702 820 3764; x_wconf 82' lang='lat' dir='ltr'><strong>antescriptisint,</strong></span> <span class='ocrx_word' id='word_1_224' title='bbox 838 3702 866 3748; x_wconf 92' lang='lat' dir='ltr'><strong>in</strong></span> <span class='ocrx_word' id='word_1_225' title='bbox 874 3701 1029 3750; x_wconf 78' lang='lat' dir='ltr'><strong>editionibus</strong></span> <span class='ocrx_word' id='word_1_226' title='bbox 1038 3701 1120 3750; x_wconf 79' lang='lat' dir='ltr'><strong>totius</strong></span> <span class='ocrx_word' id='word_1_227' title='bbox 1129 3716 1192 3751; x_wconf 89' lang='lat' dir='ltr'><strong>con-</strong></span> 
     </span>
     <span class='ocr_line' id='line_1_32' title="bbox 136 3768 1068 3832; baseline 0.004 -20"><span class='ocrx_word' id='word_1_228' title='bbox 136 3768 181 3815; x_wconf 85' lang='lat' dir='ltr'><strong>ciiii</strong></span> <span class='ocrx_word' id='word_1_229' title='bbox 189 3774 229 3817; x_wconf 82' lang='lat' dir='ltr'><strong>ert</strong></span> <span class='ocrx_word' id='word_1_230' title='bbox 237 3785 261 3819; x_wconf 90' lang='lat' dir='ltr'><strong>c.</strong></span> <span class='ocrx_word' id='word_1_231' title='bbox 270 3771 312 3817; x_wconf 75' lang='grc'><strong>31.</strong></span> <span class='ocrx_word' id='word_1_232' title='bbox 328 3797 364 3806; x_wconf 92' lang='lat'>-</span> <span class='ocrx_word' id='word_1_233' title='bbox 380 3771 472 3818; x_wconf 81' lang='lat' dir='ltr'><strong>Bnrelr.</strong></span> <span class='ocrx_word' id='word_1_234' title='bbox 482 3773 500 3817; x_wconf 88' lang='lat' dir='ltr'><strong>l.</strong></span> <span class='ocrx_word' id='word_1_235' title='bbox 510 3774 550 3819; x_wconf 83' lang='grc'><strong>61.</strong></span> <span class='ocrx_word' id='word_1_236' title='bbox 560 3771 615 3831; x_wconf 83' lang='lat' dir='ltr'><strong>(R.)</strong></span> <span class='ocrx_word' id='word_1_237' title='bbox 624 3772 700 3818; x_wconf 87' lang='lat' dir='ltr'><strong>Deer.</strong></span> <span class='ocrx_word' id='word_1_238' title='bbox 709 3772 740 3818; x_wconf 91' lang='lat' dir='ltr'><strong>V.</strong></span> <span class='ocrx_word' id='word_1_239' title='bbox 751 3772 810 3820; x_wconf 69' lang='lat'><strong>171.</strong></span> <span class='ocrx_word' id='word_1_240' title='bbox 820 3770 871 3832; x_wconf 87' lang='grc' dir='ltr'><strong>(Β.)</strong></span> <span class='ocrx_word' id='word_1_241' title='bbox 1061 3791 1068 3802; x_wconf 76' lang='lat'>·</span> 
     </span>
     <span class='ocr_line' id='line_1_33' title="bbox 193 3833 1081 3903; baseline 0 -19"><span class='ocrx_word' id='word_1_242' title='bbox 193 3839 221 3886; x_wconf 81' lang='lat' dir='ltr'><strong>c.</strong></span> <span class='ocrx_word' id='word_1_243' title='bbox 237 3841 271 3886; x_wconf 88' lang='lat'><strong>11.</strong></span> <span class='ocrx_word' id='word_1_244' title='bbox 298 3837 327 3898; x_wconf 90' lang='lat' dir='ltr'><strong>b)</strong></span> <span class='ocrx_word' id='word_1_245' title='bbox 335 3841 365 3886; x_wconf 85' lang='lat' dir='ltr'><strong>ln</strong></span> <span class='ocrx_word' id='word_1_246' title='bbox 373 3839 434 3889; x_wconf 87' lang='lat' dir='ltr'><strong>edit.</strong></span> <span class='ocrx_word' id='word_1_247' title='bbox 444 3852 466 3886; x_wconf 84' lang='lat' dir='ltr'><strong>o.</strong></span> <span class='ocrx_word' id='word_1_248' title='bbox 477 3840 518 3888; x_wconf 79' lang='grc'><strong>35.</strong></span> <span class='ocrx_word' id='word_1_249' title='bbox 534 3865 570 3876; x_wconf 96' lang='grc'>-</span> <span class='ocrx_word' id='word_1_250' title='bbox 586 3840 680 3888; x_wconf 86' lang='lat' dir='ltr'><strong>Burcb.</strong></span> <span class='ocrx_word' id='word_1_251' title='bbox 690 3841 709 3888; x_wconf 93' lang='lat'><strong>1.</strong></span> <span class='ocrx_word' id='word_1_252' title='bbox 720 3841 761 3885; x_wconf 89' lang='lat'><strong>88.</strong></span> <span class='ocrx_word' id='word_1_253' title='bbox 772 3837 826 3901; x_wconf 79' lang='lat' dir='ltr'><strong>(R.)</strong></span> <span class='ocrx_word' id='word_1_254' title='bbox 836 3839 911 3886; x_wconf 89' lang='lat' dir='ltr'><strong>Decr.</strong></span> <span class='ocrx_word' id='word_1_255' title='bbox 921 3839 951 3884; x_wconf 89' lang='lat' dir='ltr'><strong>V.</strong></span> <span class='ocrx_word' id='word_1_256' title='bbox 961 3839 1019 3885; x_wconf 78' lang='grc'><strong>191.</strong></span> <span class='ocrx_word' id='word_1_257' title='bbox 1029 3833 1081 3903; x_wconf 86' lang='lat' dir='ltr'><strong>(B)</strong></span> 
     </span>
    </p>
   </div>
   <div class='ocr_carea' id='block_1_10' title="bbox 252 3949 554 4007">
    <p class='ocr_par' dir='ltr' id='par_1_10' title="bbox 252 3949 554 4007">
     <span class='ocr_line' id='line_1_34' title="bbox 252 3949 554 4007; baseline 0.013 -14"><span class='ocrx_word' id='word_1_258' title='bbox 252 3949 362 4007; x_wconf 65' lang='lat' dir='ltr'><strong>fllium.</strong></span> <span class='ocrx_word' id='word_1_259' title='bbox 372 3963 393 3994; x_wconf 85' lang='lat' dir='ltr'><strong>c.</strong></span> <span class='ocrx_word' id='word_1_260' title='bbox 403 3954 436 3994; x_wconf 87' lang='grc'><strong>11.</strong></span> <span class='ocrx_word' id='word_1_261' title='bbox 445 3963 467 3995; x_wconf 84' lang='lat' dir='ltr'><strong>o.</strong></span> <span class='ocrx_word' id='word_1_262' title='bbox 478 3953 510 3996; x_wconf 77' lang='lat'><strong>16.</strong></span> <span class='ocrx_word' id='word_1_263' title='bbox 551 3992 554 3997; x_wconf 94' lang='lat'>.</span> 
     </span>
    </p>
   </div>
   <div class='ocr_carea' id='block_1_11' title="bbox 135 4073 1191 4409">
    <p class='ocr_par' dir='ltr' id='par_1_11' title="bbox 135 4073 1191 4409">
     <span class='ocr_line' id='line_1_35' title="bbox 170 4073 1191 4155; baseline 0 -21"><span class='ocrx_word' id='word_1_264' title='bbox 170 4073 637 4154; x_wconf 78' lang='lat' dir='ltr'><strong>C.ll.1)defide.·orig.2)do·</strong></span> <span class='ocrx_word' id='word_1_265' title='bbox 677 4077 847 4155; x_wconf 78' lang='lat' dir='ltr'><strong>perz‘colose</strong></span> <span class='ocrx_word' id='word_1_266' title='bbox 873 4079 1025 4136; x_wconf 75' lang='lat' dir='ltr'><strong>devastet.-</strong></span> <span class='ocrx_word' id='word_1_267' title='bbox 1053 4076 1126 4154; x_wconf 72' lang='lat' dir='ltr'><strong>orig.</strong></span> <span class='ocrx_word' id='word_1_268' title='bbox 1153 4108 1191 4119; x_wconf 93' lang='lat'>-</span> 
     </span>
     <span class='ocr_line' id='line_1_36' title="bbox 137 4158 1191 4241; baseline -0.001 -27"><span class='ocrx_word' id='word_1_269' title='bbox 137 4162 260 4221; x_wconf 68' lang='lat' dir='ltr'><strong>colnac:</strong></span> <span class='ocrx_word' id='word_1_270' title='bbox 302 4158 394 4219; x_wconf 85' lang='lat' dir='ltr'><strong>Ccdd.</strong></span> <span class='ocrx_word' id='word_1_271' title='bbox 448 4166 480 4234; x_wconf 78' lang='grc'><strong>3)</strong></span> <span class='ocrx_word' id='word_1_272' title='bbox 509 4161 635 4219; x_wconf 81' lang='lat' dir='ltr'><strong>dr’sdem:</strong></span> <span class='ocrx_word' id='word_1_273' title='bbox 682 4161 760 4233; x_wconf 82' lang='lat' dir='ltr'><strong>Quae</strong></span> <span class='ocrx_word' id='word_1_274' title='bbox 784 4173 941 4240; x_wconf 88' lang='lat' dir='ltr'><strong>sequuntur</strong></span> <span class='ocrx_word' id='word_1_275' title='bbox 969 4179 1056 4241; x_wconf 83' lang='lat' dir='ltr'><strong>usque</strong></span> <span class='ocrx_word' id='word_1_276' title='bbox 1083 4159 1120 4218; x_wconf 85' lang='lat' dir='ltr'><strong>ad</strong></span> <span class='ocrx_word' id='word_1_277' title='bbox 1144 4159 1191 4214; x_wconf 87' lang='lat' dir='ltr'><strong>lin.</strong></span> 
     </span>
     <span class='ocr_line' id='line_1_37' title="bbox 136 4239 1190 4325; baseline -0.01 -19"><span class='ocrx_word' id='word_1_278' title='bbox 136 4239 210 4306; x_wconf 71' lang='lat' dir='ltr'><strong>Gru.</strong></span> <span class='ocrx_word' id='word_1_279' title='bbox 230 4279 272 4290; x_wconf 89' lang='lat'>-</span> <span class='ocrx_word' id='word_1_280' title='bbox 291 4247 398 4304; x_wconf 66' lang='lat' dir='ltr'><strong>aedem:</strong></span> <span class='ocrx_word' id='word_1_281' title='bbox 418 4243 635 4325; x_wconf 74' lang='lat' dir='ltr'><strong>Tronssuclpb.</strong></span> <span class='ocrx_word' id='word_1_282' title='bbox 680 4247 709 4304; x_wconf 92' lang='lat' dir='ltr'><strong>in</strong></span> <span class='ocrx_word' id='word_1_283' title='bbox 736 4247 811 4324; x_wconf 77' lang='lat' dir='ltr'><strong>orig.</strong></span> <span class='ocrx_word' id='word_1_284' title='bbox 839 4245 950 4305; x_wconf 83' lang='lat' dir='ltr'><strong>desunt.</strong></span> <span class='ocrx_word' id='word_1_285' title='bbox 991 4244 1026 4325; x_wconf 88' lang='grc'><strong>5)</strong></span> <span class='ocrx_word' id='word_1_286' title='bbox 1045 4248 1190 4322; x_wconf 77' lang='lat' dir='ltr'><strong>poneret.-</strong></span> 
     </span>
     <span class='ocr_line' id='line_1_38' title="bbox 135 4325 952 4409; baseline 0.001 -23"><span class='ocrx_word' id='word_1_287' title='bbox 135 4325 243 4389; x_wconf 82' lang='lat' dir='ltr'><strong>llelmsl.</strong></span> <span class='ocrx_word' id='word_1_288' title='bbox 267 4329 373 4390; x_wconf 86' lang='lat' dir='ltr'><strong>Vienn.</strong></span> <span class='ocrx_word' id='word_1_289' title='bbox 410 4337 443 4404; x_wconf 81' lang='lat'><strong>4)</strong></span> <span class='ocrx_word' id='word_1_290' title='bbox 466 4332 635 4409; x_wconf 67' lang='lat' dir='ltr'><strong>reprehens.</strong></span> <span class='ocrx_word' id='word_1_291' title='bbox 680 4331 871 4392; x_wconf 73' lang='lat' dir='ltr'><strong>ViennGoll.</strong></span> <span class='ocrx_word' id='word_1_292' title='bbox 891 4332 952 4391; x_wconf 78' lang='lat' dir='ltr'><strong>citt.</strong></span> 
     </span>
    </p>
   </div>
   <div class='ocr_carea' id='block_1_12' title="bbox 0 0 1305 4898">
    <p class='ocr_par' dir='ltr' id='par_1_12' title="bbox 0 0 1305 4898">
     <span class='ocr_line' id='line_1_39' title="bbox 0 0 1305 4898; baseline 0 0"><span class='ocrx_word' id='word_1_293' title='bbox 0 0 1305 4898; x_wconf 95' lang='lat' dir='ltr'><strong> </strong></span> 
     </span>
    </p>
   </div>
  </div>
 </body>
</html>
