2594 4898
468 329 549 410 Cep.
572 327 697 391 ccclv.
1057 332 1126 396 m

52 508 112 567 aut
136 499 304 577 υοκίοιιι,
333 504 391 562 aut
419 495 502 562 alios
531 501 565 562 in
590 498 762 578 periurium
786 499 942 563 induxisti
967 500 1126 564 scienteri

53 604 91 669 δί
108 604 218 667 aciem
234 601 403 681 pcriurasti
421 607 455 664 et
472 597 554 663 alios
570 601 604 664 in
620 602 791 680 periurium
806 601 984 682 induxisti,
1005 610 1127 683 septem

54 722 158 770 annos
183 705 349 785 poenitere
375 701 485 776 dolrem
511 703 541 766 si
565 704 728 782 afficiens,
754 726 871 768 annum
891 725 989 768 unum
1011 712 1044 770 et
1059 712 1127 769 tres

56 806 334 892 quadregesinm
368 805 397 868 si
421 825 481 885 pro
507 806 575 869 vita
606 803 658 869 vel
688 804 859 886 membris,
892 816 960 871 tres
991 806 1127 888 quadra·

57 913 207 997 gosimas.

15 1088 18 1093 γ
143 1010 215 1075 lnt.
258 1009 377 1073 Fecisti
402 1008 521 1073 furtum
546 1016 602 1073 ant
632 1009 830 1095 sacrilegium
857 1019 913 1076 ant
937 1008 1128 1076 infracmm
1257 1003 1266 1011 ⁵

57 1113 112 1177 vel
129 1115 289 1194 rapinam,
312 1109 447 1190 tollens,
470 1112 554 1191 quod
574 1118 663 1174 tuum
680 1134 744 1177 non
762 1113 847 1178 erati
882 1113 918 1178 Si
940 1114 1130 1195 domuspor

59 1224 187 1278 noctem
209 1214 366 1297 infregisti
392 1221 425 1277 et
447 1213 662 1293 quadrupedia
678 1213 780 1278 tulisti
797 1214 850 1279 vel
870 1216 1037 1281 fortiorem
1054 1218 1162 1279 cau-V
1241 1272 1244 1279 .

58 1339 129 1380 sam
152 1315 313 1380 valentem
329 1313 449 1379 solidos
468 1315 692 1401 quadraginta,
714 1338 831 1382 annum
847 1340 945 1382 unum
965 1319 1130 1399 poenitere

60 1419 160 1484 debes
179 1429 212 1482 et
228 1418 364 1498 pretimn
381 1417 526 1481 reddere.
571 1415 608 1479 Si
625 1437 689 1480 non
706 1417 826 1498 reddis,
845 1441 945 1483 annos
963 1420 1043 1483 duos
1055 1440 1131 1502 poe·

60 1523 180 1596 niteas3
207 1521 235 1583 si
251 1521 353 1583 maius
365 1519 437 1603 ⁵⁵⁰)
454 1519 560 1582 fecisti
581 1518 714 1599 furtum,
741 1526 806 1583 tres
833 1543 934 1585 annos
955 1524 1130 1604 poeniteas,

61 1631 94 1687 et
112 1625 140 1686 si
157 1644 253 1703 saepe
271 1622 392 1701 fecisti,
421 1642 521 1684 annos
538 1628 674 1702 septem3
696 1642 754 1702 pro
772 1623 897 1686 modico
914 1623 1000 1688 furto
1018 1625 1132 1705 viginti

60 1726 146 1799 dies;
165 1726 253 1805 pueri
270 1724 380 1788 decem
398 1723 475 1789 dies.
517 1722 553 1786 Si
571 1723 610 1787 dc
629 1721 765 1788 ecclesia
781 1723 901 1806 aliquid
918 1724 1030 1806 tulisti,
1049 1723 1131 1807 quod

62 1837 112 1892 cst
129 1825 347 1913 sacrilegium,
365 1833 488 1906 septem
505 1846 606 1890 annos
624 1828 797 1906 poeniteas.

148 1944 221 2010 lnt.
264 1944 383 2037 Fecisti
414 1942 605 2008 adulterium
636 1966 706 2008 cum
727 1967 831 2011 uxore
867 1946 973 2011 aliena
999 1945 1052 2012 vel
1078 1946 1132 2010 de-

61 2058 228 2130 sponsata,
254 2046 306 2112 vel
331 2048 488 2133 virginem
515 2039 696 2128 corrupisti,
722 2050 791 2112 sive
813 2070 883 2113 cum
900 2047 1134 2115 sanctimoniali

62 2150 115 2214 vel
141 2149 214 2214 Deo
241 2150 366 2229 dicata,
397 2146 451 2213 vel
478 2170 548 2212 cum
578 2147 724 2212 absoluta
748 2150 884 2230 femina,
911 2151 945 2214 id
971 2158 1036 2231 est,
1063 2152 1134 2214 sinc

63 2255 196 2333 marito,
212 2250 268 2316 vel
286 2274 356 2316 cnm
373 2249 487 2315 ancilla
503 2249 648 2330 propria?
683 2248 720 2313 Si
736 2250 923 2315 moechatus
946 2273 981 2315 es
999 2272 1070 2315 cum
1087 2248 1134 2314 nl·

63 2356 163 2419 terius
180 2375 285 2418 uxore
303 2361 359 2420 out
380 2374 452 2416 enm
473 2351 722 2431 sanctimoniali,
749 2360 871 2432 septem
898 2373 999 2417 annos
1025 2353 1135 2432 poeni-

63 2465 149 2533 teas3
176 2459 294 2521 sicum
315 2456 454 2540 virgine,
481 2454 560 2517 duos
588 2473 704 2527 annos3
731 2455 759 2516 si
785 2475 856 2517 cum
882 2454 990 2534 vidua,
1017 2474 1136 2518 annum

64 2582 173 2624 unum.
217 2557 254 2623 Si
270 2565 358 2622 tuam
373 2577 506 2621 uxorem
527 2556 674 2620 dimisisti
692 2562 725 2620 et
741 2553 835 2620 alteri
851 2565 883 2622 te
896 2558 968 2643 ⁸⁸¹)
991 2556 1136 2635 iunxisti,

64 2669 191 2743 septem
216 2680 318 2726 annos
343 2661 517 2740 poeniteas.
570 2657 606 2722 Si
634 2680 705 2723 curn
734 2666 869 2723 vacante
893 2659 1034 2738 femina,
1069 2665 1136 2723 tros

66 2764 324 2848 quadragesimas
341 2769 374 2827 et
390 2758 550 2845 legitimas
575 2761 689 2836 ferias;
714 2763 835 2826 sicum
857 2763 982 2845 propria
1007 2752 1136 2840 aucills‘3

66 2867 278 2951 quadraginta
295 2865 363 2929 dies
379 2865 543 2944 poenitere
561 2863 670 2928 dobes.

152 2983 224 3048 lnt.
258 2981 402 3064 Nupsisti
428 3003 499 3045 cum
527 3003 630 3046 uxore
655 2990 712 3046 tun
737 2983 789 3047 vel
812 2983 929 3049 aneilla
953 2981 1058 3048 retroi
1101 2979 1139 3046 Si

67 3087 189 3167 fecisti,
208 3086 418 3169 quadraginta
435 3083 502 3147 dies
520 3083 617 3149 debes
633 3087 809 3165 poenitere.

154 3187 226 3252 lnt.
262 3184 405 3268 Nupsisti
433 3207 504 3251 cum
528 3206 631 3251 uxore
657 3194 713 3251 tna
740 3187 949 3272 quadraginta
975 3186 1042 3309 dios
1064 3192 1139 3251 ante

68 3289 213 3372 patant
248 3285 466 3374 Quadraginta
482 3288 551 3352 dies
574 3288 645 3351 deb.
664 3312 695 3370 p.

133 3390 228 3455 Int.
263 3389 407 3472 Nupsisti
424 3390 583 3454 dominica
601 3388 667 3451 diet
701 3387 784 3452 Tros
802 3389 919 3470 diosp.
938 3389 969 3452 d.

155 3492 228 3557 lnt.
276 3492 394 3556 l'ecisti
427 3498 553 3573 raptum
587 3490 627 3553 de
660 3491 783 3576 virgine
814 3487 866 3553 vel
897 3487 1013 3554 vidual
1057 3484 1140 3552 'l'ros

70 3616 172 3660 annos
189 3617 221 3675 p.
240 3594 271 3658 d.

156 3712 229 3781 Int.
274 3711 394 3777 Fecisti
409 3712 666 3792 fornicationem,
684 3713 767 3776 sicut
784 3710 969 3779 Sodomitao
985 3710 1142 3790 fecerunt,

71 3823 128 3880 aut
145 3837 218 3880 cum
233 3813 417 3896 pecoribus,
444 3818 499 3877 aut
516 3835 588 3879 cum
604 3821 705 3878 matre
723 3812 775 3879 vol
792 3813 921 3881 sorore?
956 3810 1144 3892 Quindecim

72 3938 175 3982 annos
191 3915 246 3982 vel
267 3916 434 3980 duodecim
451 3938 484 3996 p.
502 3916 533 3981 d.

157 4034 230 4101 lut.
274 4031 504 4116 Coinqninatas
533 4055 568 4098 es
595 4056 665 4100 cum
690 4054 795 4099 uxore
819 4029 879 4101 'tua
903 4038 936 4121 in
969 4034 1144 4119 quadrage·

118 4298 195 4367 550)
209 4249 372 4354 maroam?
396 4291 458 4356 aar.
494 4297 569 4365 sar>
589 4302 623 4353 et
636 4293 761 4355 merua
778 4295 818 4352 r..·.
836 4291 906 4352 snio.
