2594 4898
72 376 77 380 ·
180 352 251 413 mo
355 304 358 309 ¹
431 337 1011 405 nncrnomnnnsnounous.

266 522 316 580 83.
357 514 397 578 'Si
415 515 483 594 quis
502 512 735 577 coniurationes
755 518 787 573 et
805 509 1057 587 conspirationes
1076 505 1232 569 sectatori

267 624 318 681 84.
363 616 399 680 Si
430 618 497 696 quis
530 613 696 678 ecclesiam
726 621 781 676 ant
812 609 959 674 clericum
989 610 1128 694 fatigare
1162 630 1247 689 prae·

181 720 293 787 sumiti
679 736 693 803 J

267 827 319 886 85.
364 820 588 900 Inquirendum
608 820 648 881 de
666 818 783 900 refugis
802 822 835 879 et
852 811 980 895 perfidis
997 813 1111 876 laicis?

267 930 319 989 86.
363 922 636 988 Percunctandum
668 921 707 982 de
739 918 919 981 confratriis
951 925 984 980 et
1013 916 1247 979 fraternitatum

181 1027 402 1104 societatibus,
415 1023 557 1105 qualiter
573 1025 606 1085 in
624 1020 776 1102 parochia
793 1018 944 1104 aganturt

267 1131 319 1196 87.
365 1127 401 1190 Si
423 1129 555 1199 cantica*
567 1127 671 1204 turpia
688 1131 720 1186 et
737 1125 835 1186 risum
852 1124 1015 1186 moventia
1032 1118 1152 1201 aliquis
1170 1122 1247 1185 circa

182 1232 349 1296 ecclesiam
367 1237 495 1293 cantare
513 1225 700 1308 praesumit?
787 1219 789 1224 ⁴

268 1339 319 1396 88.
365 1332 407 1395 Si'
419 1331 532 1410 aliquis
549 1326 582 1392 in
601 1327 766 1392 ecclesiam
779 1330 902 1390 intrans
916 1324 1031 1389 fabulis
1045 1347 1165 1389 vacare
1178 1347 1248 1389 con·

181 1438 297 1515 suevit,
316 1440 347 1498 et
365 1457 429 1498 non
448 1432 617 1516 diligenter
634 1429 789 1494 auscultat
806 1430 912 1492 divina
930 1428 1068 1509 eloquia,
1088 1429 1180 1507 etsi,
1199 1449 1249 1490 an·

182 1560 275 1619 quam
292 1541 389 1600 missa
405 1535 549 1613 finiatur,
569 1535 608 1596 de
628 1532 761 1597 ecclesia
779 1531 865 1594 exiti

267 1644 319 1704 89.
364 1638 400 1701 Si
426 1636 636 1713 oblationem,
663 1636 696 1697 id
723 1643 786 1712 est,
814 1655 926 1718 panem
948 1639 980 1695 et
1002 1635 1110 1697 vinum
1137 1635 1249 1696 viriet

179 1743 319 1805 feminae
338 1740 509 1803 admissas
536 1739 687 1814 offerunt,
716 1744 761 1814 et,
785 1738 813 1799 si
835 1757 899 1798 non
917 1737 992 1814 viri,
1020 1737 1175 1818 coniuges
1196 1756 1249 1815 pro

143 1910 146 1915 Δ
181 1841 245 1906 illis
269 1843 421 1919 offerant,
448 1861 505 1920 pro
527 1862 562 1902 se
584 1841 709 1919 suisque
732 1838 953 1917 omnibus,.ut
973 1840 1007 1902 in
1029 1859 1155 1902 canone
1178 1860 1249 1902 oon·

182 1942 318 2009 tineturt
409 1930 412 1936 ’

269 2043 446 2125 Capitula
464 2045 572 2125 haec,
592 2067 684 2124 quae
701 2067 767 2125 per
785 2045 953 2107 ordinem
970 2044 1249 2122 adnotavimus,

71 2158 75 2165 '
184 2150 380 2212 canonicis
398 2154 550 2227 oportet
565 2147 743 2210 roborari
761 2147 936 2210 decretis.

288 2323 358 2396 DE
385 2321 738 2417 POENITENTIA
763 2321 1147 2402 HOMICIDARUM.

183 2472 220 2536 C.
240 2470 298 2536 Vl.
350 2471 396 2536 Ur
405 2477 609 2556 poenitentia
626 2492 720 2554 super
737 2469 912 2535 homicidiis
929 2489 991 2533 non
1008 2471 1134 2534 diceneo
1155 2490 1250 2548 more,

241 2585 280 2639 ut
290 2582 400 2675 praue,
419 2575 477 2638 ced
491 2581 526 2658 c'o
545 2573 708 2658 episopum
725 2577 860 2658 cingulis
877 2593 940 2636 ooo
956 2593 1041 2637 more
1057 2582 1204 2657 agatur..

429 2709 488 2773 Ex
511 2709 686 2772 Concilio
710 2705 1005 2792 Triburiensil).

267 2828 302 2891 Si
321 2829 389 2905 quis
407 2839 584 2906 spontanea
600 2827 781 2907 voluntate,
805 2827 933 2895 diabolo
956 2827 1125 2907 suadente,
1150 2827 1253 2892 homi-

183 2929 298 2997 cidium
327 2932 555 3008 perpetraverit
584 2933 678 3002 iuxta
705 2952 862 3012 canonum
893 2933 1074 2995 sanctiones
1105 2937 1139 2994 et
1169 2933 1252 2994 iudi-

182 3033 263 3094 cium
286 3032 571 3115 episcoporum²⁶)
599 3031 696 3104 talem
713 3035 943 3112 poenitentiam
970 3032 1065 3108 debet
1091 3034 1250 3112 accipere:

181 3134 324 3213 inprimis
349 3141 385 3208 pt
410 3130 570 3206 licentiam
597 3157 661 3203 non
688 3133 804 3205 habeat
830 3132 998 3198 ecclesiam
1019 3124 1161 3198 intrandi
1178 3133 1250 3199 illos

179 3237 344 3327 proximos
371 3235 436 3300 XL
465 3236 546 3315 dies,
578 3237 671 3323 nudis
702 3238 835 3317 pedibus
866 3237 993 3301 incedat
1010 3239 1080 3318 ²³),
1108 3244 1141 3300 et
1164 3236 1251 3299 nullo

181 3336 326 3401 vehiculo
358 3346 481 3418 utatur,
517 3341 549 3401 in
577 3337 679 3403 laneis
705 3339 846 3404 vestibus
873 3343 916 3402 sit
941 3339 1059 3420 absque
1086 3337 1251 3411 femorali·

182 3521 395 3532 -n—

249 3634 277 3680 c.
295 3635 336 3679 Vl.
371 3633 392 3689 l)
402 3633 502 3683 Similia
510 3634 634 3694 leguntur
642 3634 669 3680 in
679 3633 795 3682 Concilio
805 3633 906 3685 Tribnn
917 3635 974 3681 hab.
984 3646 1043 3691 ann.
1053 3634 1111 3679 8⁹5.
1122 3647 1146 3680 c.
1158 3634 1198 3680 88
1210 3636 1248 3679 55.

181 3701 219 3746 Cf.
230 3700 314 3748 meur.
324 3715 348 3759 p.
364 3703 421 3746 181.
436 3716 458 3749 e.
468 3703 509 3748 88.
518 3724 552 3736 ·-
562 3703 639 3750 codd.
649 3702 758 3762 Guelph.
772 3705 798 3749 et
807 3703 898 3749 Vienn.
908 3703 934 3748 in
945 3701 1055 3749 annexis
1065 3701 1097 3748 ed
1109 3701 1249 3762 Reginonir

90 3772 95 3783 ¹
181 3767 361 3818 collectionem
375 3774 401 3815 et
416 3770 475 3817 Cod.
490 3771 603 3821 Darmrt.
618 3785 641 3817 a.
654 3773 708 3830 (111.
719 3772 772 3831 19.)
787 3772 895 3819 eundem
912 3784 1036 3821 canonem
1051 3770 1177 3818 exhibent
1192 3784 1248 3818 ou·

180 3836 271 3882 innuen:
290 3836 323 3882 In
336 3837 432 3896 synodo
446 3837 554 3885 Domine·
565 3838 698 3886 witberti
709 3839 781 3899 apud
788 3839 946 3901 Mogontium
961 3854 982 3885 c.
998 3840 1052 3896 ³³„
1072 3840 1103 3884 de
1122 3852 1176 3897 qua
1193 3839 1248 3884 side

180 3903 265 4017 giea'tr.
277 3917 302 4016 ἑ)
314 3905 354 3951 25.
369 3918 437 3965 seqq.
446 3929 481 3938 -
490 3907 582 3952 Bureh.
592 3910 633 3956 Vt.
644 3911 667 3954 1.
677 3903 744 3971 (m),
759 3909 835 3955 Decr.
844 3909 878 3955 X.
889 3909 948 3956 138.
960 3907 1025 3971 (B.):
1041 3906 1087 3954 Ee·
1099 3906 1176 3956 Cone.
1190 3907 1248 3953 stt·

195 3985 235 4018 ur.
245 3986 267 4019 c.
294 4005 300 4018 .

224 4122 255 4180 C.
282 4122 332 4183 Vl.
369 4127 427 4196 26)
457 4127 542 4186 tuctu
570 4130 691 4187 decreta
735 4131 797 4189 citt.
830 4135 1067 4207 27)qooounquc
1087 4137 1156 4189 cat·
1183 4125 1246 4188 add.

180 4209 356 4293 Melctr'adis
379 4213 411 4269 P.
435 4221 466 4270 et
492 4214 690 4273 Trr'huricnsio
735 4214 855 4294 Guclph.
867 4215 971 4274 Vienn.
986 4212 1116 4272 Damnst.
1136 4234 1164 4274 a.
1184 4214 1247 4273 loco

181 4296 433 4355 concinionum
448 4299 535 4356 lolem
544 4319 594 4375 p..·
615 4297 688 4356 Coll.
734 4319 819 4381 supra
838 4311 898 4359 not.
919 4299 939 4370 l)
960 4299 1059 4357 citato.
