2594 4898
75 2186 77 2191 ’
186 2168 265 2232 haec
280 2170 486 2247 commiserit,
505 2169 620 2232 iudicio
635 2191 736 2249 aquae
749 2171 903 2233 ferventis
919 2170 1136 2250 examinetur,
1156 2180 1252 2242 uuum

186 351 259 420 ΜΒ
430 351 595 416 audino
617 350 751 412 llllllll
768 349 1013 411 SECUNDUS.

187 527 280 603 cerit,
295 523 445 587 bannum
468 528 610 585 nostrum
637 522 671 583 in
692 518 787 600 triplo
810 524 980 599 componat
997 524 1031 580 et
1049 518 1249 603 weregildum

188 629 255 690 eius
268 628 320 710 13)
338 625 493 705 proximis
512 625 578 686 eius
596 620 767 702 persolvat.

224 795 262 860 C.
280 793 413 858 XXXI.
458 791 511 857 De
529 815 589 870 eo,¹
602 800 659 879 quc·
672 791 825 857 homiuem
842 799 877 855 ἐπ
895 793 1031 856 ecclesio
1049 791 1221 872 interficit.

373 930 430 992 Ex
448 930 576 993 eodem
594 927 729 1007 Libro,
754 948 831 1007 cap.
852 926 950 990 XIII
962 923 983 1011 ¹)
997 929 1063 1012 Η).

272 1050 307 1114 Si
329 1051 396 1130 quis
419 1056 473 1112 aut
485 1050 540 1127 ²⁵)
563 1069 607 1110 ex
628 1045 693 1110 levi
711 1067 806 1110 causa
825 1055 879 1137 aut
895 1047 964 1110 sine
983 1068 1082 1111 causa
1098 1045 1250 1111 hominen

186 1156 220 1216 in
242 1151 387 1217 ecclesia.
398 1151 609 1228 interfecerit,
633 1149 671 1212 de
693 1152 759 1212 vita
781 1155 959 1229 componat.
1004 1146 1040 1211 Si
1058 1171 1139 1213 vero
1162 1150 1251 1212 rixati

185 1257 264 1319 foris
286 1255 419 1332 fuerint,
443 1260 477 1315 et
497 1274 576 1315 unus
599 1250 731 1315 alterum
754 1253 786 1314 in
804 1249 1007 1327 ecclesiast)
1025 1250 1149 1335 fugerit
1167 1257 1200 1313 et
1214 1250 1250 1312 ibi

185 1379 221 1421 se
240 1356 437 1420 defendendo
457 1376 529 1417 eum
546 1353 758 1433 interfecerit,
777 1361 810 1417 et
826 1355 854 1416 si
870 1353 963 1416 huius
980 1352 1059 1415 facti
1076 1359 1180 1416 testes
1197 1374 1251 1415 non

185 1449 348 1538 habuerit,
367 1479 438 1520 cum
456 1456 621 1519 duodecim
639 1456 775 1520 testibus
791 1457 875 1519 iuret
891 1454 1043 1539 legitimis
1057 1457 1128 1533 l³),
1151 1476 1187 1518 se
1205 1455 1251 1517 de·

185 1561 343 1625 fendendo
365 1579 438 1621 eum
461 1558 675 1635 interfecisse,
699 1565 732 1620 et
752 1565 826 1637 post
846 1557 927 1620 haec
949 1555 1075 1620 solidos
1092 1563 1251 1637 sexcentos

186 1662 226 1725 ed
244 1661 431 1743 partem⁷⁸)
451 1657 620 1738 ecclesiae,
644 1680 737 1739 quam
758 1658 815 1722 illo
838 1657 1008 1722 homicidio
1025 1657 1206 1739 polluerat,
1225 1665 1252 1721 et

184 1766 313 1841 insuper
332 1761 469 1824 bannum
487 1769 629 1823 nostrum
645 1759 770 1824 solvere
789 1767 931 1847 cogatur.
975 1759 1007 1823 Is
1025 1781 1121 1838 vero,
1143 1764 1196 1841 qui
1211 1763 1251 1823 in·

185 1865 338 1927 terfectus
357 1869 419 1939 est,
443 1861 560 1943 absque
579 1866 807 1942 compositione
826 1866 944 1943 iaceat,
968 1885 1007 1925 ac
1023 1861 1142 1927 deinde
1160 1865 1251 1927 iuter·

184 1965 288 2029 lector
304 1963 476 2027 secundum
490 1965 640 2027 iudicium
654 1967 840 2029 canonicum
852 1967 905 2046 Η)
923 1974 1095 2050 congruam
1109 1964 1250 2042 facinori,

186 2067 269 2147 quod
296 2066 437 2144 admisit,
464 2069 692 2146 poenitentiam
718 2068 861 2148 accipiat.
913 2066 951 2130 Si
975 2070 1123 2148 proprius
1151 2088 1251 2132 servus

184 2271 246 2334 hoc
263 2278 390 2353 sponte,
410 2292 452 2333 an
469 2292 504 2333 se
523 2270 721 2335 defendendo
738 2274 884 2352 fecisset,
904 2281 936 2335 et
953 2275 980 2335 ri
992 2293 1108 2335 manus
1128 2272 1250 2354 eius⁸⁰)

185 2380 302 2437 exusta
328 2373 438 2450 fuerit,
465 2372 688 2447 interficiatur3
715 2377 744 2437 si
760 2383 867 2439 eutem
890 2395 953 2437 non
974 2374 1085 2453 fuerit,
1109 2371 1252 2439 dominus

185 2478 270 2555 eius,
301 2477 393 2537 iuxta
420 2474 503 2555 quod
529 2475 720 2560 weregildus
737 2476 788 2561 ⁸¹)
814 2476 899 2540 illius
926 2483 991 2554 est,
1018 2477 1062 2540 ad
1087 2476 1251 2540 ecclesium

183 2575 362 2656 persolvat,
382 2585 447 2655 aut,
467 2580 494 2639 si
512 2576 660 2656 voluerit,
679 2600 750 2641 eum
769 2580 871 2642 eidem
890 2577 1043 2642 ecclesiae
1061 2577 1183 2641 aedat.
1207 2575 1251 2640 De

185 2677 401 2742 ecclesiastico
421 2686 453 2741 et
469 2677 615 2742 fiscalino
634 2688 667 2743 et
683 2680 886 2745 beneficiario
900 2683 950 2765 8²)
968 2679 1133 2759 volumus,
1152 2687 1190 2744 nt
1200 2699 1249 2761 pro

182 2802 247 2844 una
264 2782 333 2842 vice
355 2779 543 2863 weregildus
570 2803 628 2861 pro
651 2803 691 2844 eo
717 2790 938 2863 componatur,
967 2781 1067 2848 altera
1092 2784 1167 2846 vice
1193 2802 1251 2845 ser-

183 2904 241 2944 vus
269 2881 309 2943 ad
337 2879 520 2962 supplicium
547 2885 700 2962 tradatur,
727 2883 887 2953 hereditas
909 2893 1016 2947 tamen
1037 2882 1134 2946 liberi
1155 2882 1251 2947 homi·

184 2984 245 3062 nis,
264 2985 316 3062 qui
332 2992 460 3063 propter
478 2982 541 3046 tale
558 2986 680 3051 facinus
699 2987 740 3048 ad
757 2996 892 3052 mortem
908 2987 1005 3050 fuerit
1018 2986 1196 3070 judicatus,
1215 2985 1251 3047 ad

253 3174 280 3220 C.
294 3173 391 3222 XXXI.
426 3175 447 3236 l)
465 3177 558 3236 Anseg.
573 3175 631 3224 ibid.
647 3192 669 3226 c.
685 3181 725 3227 13.
740 3179 962 3240 (Capitdquisgr.
977 3177 1021 3226 cit.
1034 3177 1114 3238 e.1.).
1128 3203 1165 3214 -
1177 3178 1251 3224 Decr.

182 3241 330 3359 ἔθνῐὲοἳὸξὲ,
339 3243 407 3370 ξθιέἑ.
418 3247 449 3291 tr.
459 3260 483 3304 p.
492 3246 535 3293 lll.
546 3247 587 3291 29.
597 3259 619 3293 c.
630 3248 687 3292 162.
698 3242 763 3313 (D.).
772 3273 806 3282 —
816 3248 854 3296 Cf.
863 3249 924 3308 Leg.
933 3247 1046 3306 Lougob.
1056 3246 1086 3291 1..
1097 3247 1116 3295 l.
1126 3247 1169 3295 tit.
1178 3249 1219 3294 29.
1228 3259 1249 3290 c.

1274 33 1293 785 t

226 3462 360 3525 (LXXX.
385 3471 437 3540 73)
453 3469 534 3528 eius:
552 3469 631 3527 abest
647 3489 692 3547 ap.
737 3468 922 3530 uratur-ibus
954 3468 1095 3546 legiterae
1116 3485 1179 3546 per
1204 3486 1250 3527 so-

180 3547 244 3609 Bssl·
736 3564 916 3615 crumentum
926 3551 1075 3631 affirmet:
1090 3553 1168 3630 orig.
1179 3552 1250 3611 Coll.

225 3633 257 3689 C.
284 3633 390 3692 XXXI.
433 3642 489 3710 74)
523 3639 565 3695 sic
594 3657 692 3697 omues
737 3641 799 3698 citt.
824 3635 1150 3715 78)sicorig.(lodd.,
1170 3655 1252 3717 prae·

182 3714 289 3790 Codd.;
316 3717 377 3776 Bal.
398 3723 502 3779 nullum
522 3723 630 3781 fontem
649 3726 692 3781 in·
735 3736 781 3783 ter
800 3744 898 3795 unum,
919 3742 1017 3781 omnes
1037 3732 1066 3780 el
1083 3722 1160 3780 Coll.
1176 3725 1248 3791 cium

181 3800 269 3858 dicat.
289 3835 330 3844 -
348 3799 406 3880 Ap.
431 3805 506 3864 Hild.
531 3808 586 3865 hoc
607 3818 692 3885 caput
730 3830 853 3888 pacem:
870 3810 989 3868 Helmst.
1018 3809 1250 3883 79)cuuouum:

180 3903 243 3943 cum
262 3887 446 3946 antecedenti
470 3891 600 3949 inunum
621 3913 691 3951 con·
736 3895 853 3954 Helmst.
878 3899 931 3966 80)
943 3896 990 3953 eu’:
999 3890 1076 3951 llild.
1102 3897 1157 3969 81)
1170 3894 1250 3952 wcm'·

180 3979 315 4041 tractum,
335 3981 421 4049 atque
440 3975 566 4050 ipsorum
585 3977 691 4035 verbo·
732 3982 852 4058 gildus:
877 3980 962 4040 Trev.
992 3976 1117 4056 Goelpl.
1147 3977 1249 4038 Vienn.

179 4072 240 4111 rum
269 4054 339 4113 ordo
362 4075 514 4134 perversus
537 4071 590 4118 est.
637 4067 688 4136 75)
735 4076 918 4137 constantem
937 4064 1151 4140 weregildum:
1166 4062 1248 4123 Gotl.

180 4148 294 4199 autem:
316 4139 434 4219 Guelplr.
447 4142 550 4202 Vienn.
571 4145 688 4207 Helmst.
734 4150 868 4224 Helmst.;
881 4150 1056 4228 uirgetdus:
1067 4148 1163 4226 orig,
1176 4168 1251 4207 wer·

181 4229 232 4295 76)
254 4227 426 4287 ecclesium:
447 4227 568 4308 Guclplr.
584 4232 688 4292 Vienn.
731 4236 816 4312 gelt:
844 4235 916 4294 Coli.
946 4235 1006 4293 citt.
1061 4238 1115 4308 82)
1145 4253 1249 4294 seruo:

179 4308 268 4369 Puris.
294 4317 346 4386 77)
367 4333 429 4376 cum
448 4317 600 4379 duodecim
619 4337 690 4378 con·
733 4318 800 4380 add.
821 4321 897 4400 orig.
916 4319 991 4380 Coll.
1011 4320 1074 4379 citt.

1284 4584 1293 4866 Ι
