<?xml version="1.0" encoding="UTF-8"?>
<!DOCTYPE html PUBLIC "-//W3C//DTD XHTML 1.0 Transitional//EN"
    "http://www.w3.org/TR/xhtml1/DTD/xhtml1-transitional.dtd">
<html xmlns="http://www.w3.org/1999/xhtml" xml:lang="en" lang="en">
 <head>
  <title>
</title>
<meta http-equiv="Content-Type" content="text/html;charset=utf-8" />
  <meta name='ocr-system' content='tesseract 3.04.00' />
  <meta name='ocr-capabilities' content='ocr_page ocr_carea ocr_par ocr_line ocrx_word'/>
</head>
<body>
  <div class='ocr_page' id='page_1' title='image "./reginonisabbati00wassgoog_0440.png"; bbox 0 0 2580 4890; ppageno 0'>
   <div class='ocr_carea' id='block_1_1' title="bbox 427 356 1152 439">
    <p class='ocr_par' dir='ltr' id='par_1_1' title="bbox 427 356 1152 439">
     <span class='ocr_line' id='line_1_1' title="bbox 427 356 1152 439; baseline 0.011 -22"><span class='ocrx_word' id='word_1_1' title='bbox 427 358 504 439; x_wconf 87' lang='lat' dir='ltr'><strong>Cap.</strong></span> <span class='ocrx_word' id='word_1_2' title='bbox 526 356 636 419; x_wconf 87' lang='lat' dir='ltr'>XXVII</span> <span class='ocrx_word' id='word_1_3' title='bbox 648 359 801 420; x_wconf 82' lang='lat' dir='ltr'>—XXXb</span> <span class='ocrx_word' id='word_1_4' title='bbox 1080 362 1152 425; x_wconf 77' lang='grc'>405</span> 
     </span>
    </p>
   </div>
   <div class='ocr_carea' id='block_1_2' title="bbox 182 521 1265 648">
    <p class='ocr_par' dir='ltr' id='par_1_2' title="bbox 182 521 1265 648">
     <span class='ocr_line' id='line_1_2' title="bbox 182 521 1265 648; baseline 0.005 -59"><span class='ocrx_word' id='word_1_5' title='bbox 182 522 220 589; x_wconf 88' lang='lat' dir='ltr'><strong>C.</strong></span> <span class='ocrx_word' id='word_1_6' title='bbox 239 521 373 588; x_wconf 89' lang='lat' dir='ltr'>XXIX.</span> <span class='ocrx_word' id='word_1_7' title='bbox 387 525 438 608; x_wconf 85' lang='lat'><strong>⁴⁸)</strong></span> <span class='ocrx_word' id='word_1_8' title='bbox 482 522 537 589; x_wconf 88' lang='lat' dir='ltr'><strong>De</strong></span> <span class='ocrx_word' id='word_1_9' title='bbox 551 532 646 591; x_wconf 74' lang='lat' dir='ltr'><strong>varie</strong></span> <span class='ocrx_word' id='word_1_10' title='bbox 661 532 836 593; x_wconf 60' lang='lat' dir='ltr'><strong>venatore</strong></span> <span class='ocrx_word' id='word_1_11' title='bbox 852 527 1059 594; x_wconf 70' lang='lat' dir='ltr'><strong>recordatum.</strong></span> <span class='ocrx_word' id='word_1_12' title='bbox 1161 535 1229 648; x_wconf 57' lang='grc' dir='ltr'><strong>55ξὲ</strong></span> <span class='ocrx_word' id='word_1_13' title='bbox 1235 536 1265 584; x_wconf 89' lang='lat'><strong>¹1·</strong></span> 
     </span>
    </p>
   </div>
   <div class='ocr_carea' id='block_1_3' title="bbox 157 656 1020 749">
    <p class='ocr_par' dir='ltr' id='par_1_3' title="bbox 157 656 1020 749">
     <span class='ocr_line' id='line_1_3' title="bbox 157 656 1020 749; baseline 0.006 -27"><span class='ocrx_word' id='word_1_14' title='bbox 157 656 160 661; x_wconf 79' lang='grc'><em>’</em></span> <span class='ocrx_word' id='word_1_15' title='bbox 222 658 285 723; x_wconf 82' lang='lat' dir='ltr'><strong>Ex·</strong></span> <span class='ocrx_word' id='word_1_16' title='bbox 301 657 475 723; x_wconf 82' lang='lat' dir='ltr'><strong>Concilio</strong></span> <span class='ocrx_word' id='word_1_17' title='bbox 493 659 765 726; x_wconf 81' lang='lat' dir='ltr'><strong>Aurelianenei</strong></span> <span class='ocrx_word' id='word_1_18' title='bbox 782 684 858 743; x_wconf 90' lang='lat' dir='ltr'><strong>cap.</strong></span> <span class='ocrx_word' id='word_1_19' title='bbox 875 658 1020 749; x_wconf 79' lang='lat' dir='ltr'><strong>Vlll&#39;r).</strong></span> 
     </span>
    </p>
   </div>
   <div class='ocr_carea' id='block_1_4' title="bbox 87 776 1158 1474">
    <p class='ocr_par' dir='ltr' id='par_1_4' title="bbox 87 776 1158 1474">
     <span class='ocr_line' id='line_1_4' title="bbox 171 776 1154 863; baseline 0.005 -21"><span class='ocrx_word' id='word_1_20' title='bbox 171 776 319 843; x_wconf 79' lang='lat' dir='ltr'>Relatum</span> <span class='ocrx_word' id='word_1_21' title='bbox 337 784 386 842; x_wconf 83' lang='lat' dir='ltr'><strong>est</strong></span> <span class='ocrx_word' id='word_1_22' title='bbox 401 784 531 843; x_wconf 78' lang='lat' dir='ltr'><strong>sanctae</strong></span> <span class='ocrx_word' id='word_1_23' title='bbox 548 779 690 863; x_wconf 79' lang='lat' dir='ltr'><strong>synodo,</strong></span> <span class='ocrx_word' id='word_1_24' title='bbox 716 780 798 861; x_wconf 88' lang='lat' dir='ltr'><strong>quod</strong></span> <span class='ocrx_word' id='word_1_25' title='bbox 817 802 837 844; x_wconf 90' lang='lat' dir='ltr'><strong>a</strong></span> <span class='ocrx_word' id='word_1_26' title='bbox 853 778 946 845; x_wconf 82' lang='lat' dir='ltr'><strong>malie</strong></span> <span class='ocrx_word' id='word_1_27' title='bbox 964 778 1154 848; x_wconf 78' lang='lat' dir='ltr'><strong>Christiania</strong></span> 
     </span>
     <span class='ocr_line' id='line_1_5' title="bbox 87 876 1155 969; baseline 0.002 -24"><span class='ocrx_word' id='word_1_28' title='bbox 87 876 242 963; x_wconf 83' lang='lat' dir='ltr'><strong>plurimae</strong></span> <span class='ocrx_word' id='word_1_29' title='bbox 264 882 454 944; x_wconf 78' lang='lat' dir='ltr'><strong>vexationes</strong></span> <span class='ocrx_word' id='word_1_30' title='bbox 475 881 692 946; x_wconf 86' lang='lat' dir='ltr'><strong>sacerdotibus</strong></span> <span class='ocrx_word' id='word_1_31' title='bbox 714 880 832 969; x_wconf 77' lang='lat' dir='ltr'><strong>Chriati</strong></span> <span class='ocrx_word' id='word_1_32' title='bbox 854 904 912 946; x_wconf 81' lang='lat' dir='ltr'><strong>seu</strong></span> <span class='ocrx_word' id='word_1_33' title='bbox 933 885 1046 947; x_wconf 79' lang='lat' dir='ltr'><strong>cetaria</strong></span> <span class='ocrx_word' id='word_1_34' title='bbox 1064 882 1155 947; x_wconf 90' lang='lat' dir='ltr'><strong>cleri-</strong></span> 
     </span>
     <span class='ocr_line' id='line_1_6' title="bbox 87 965 1156 1065; baseline 0 -16"><span class='ocrx_word' id='word_1_35' title='bbox 87 984 131 1049; x_wconf 72' lang='lat' dir='ltr'><strong>ei!</strong></span> <span class='ocrx_word' id='word_1_36' title='bbox 159 965 318 1046; x_wconf 77' lang='lat' dir='ltr'><strong>interioria</strong></span> <span class='ocrx_word' id='word_1_37' title='bbox 345 982 461 1065; x_wconf 81' lang='lat' dir='ltr'><strong>gradus</strong></span> <span class='ocrx_word' id='word_1_38' title='bbox 488 984 670 1063; x_wconf 78' lang='lat' dir='ltr'><strong>saepissime</strong></span> <span class='ocrx_word' id='word_1_39' title='bbox 695 969 882 1047; x_wconf 82' lang='lat' dir='ltr'><strong>inferantur.</strong></span> <span class='ocrx_word' id='word_1_40' title='bbox 932 982 1028 1049; x_wconf 82' lang='lat' dir='ltr'><strong>Unde</strong></span> <span class='ocrx_word' id='word_1_41' title='bbox 1053 986 1156 1049; x_wconf 75' lang='lat' dir='ltr'><strong>visum</strong></span> 
     </span>
     <span class='ocr_line' id='line_1_7' title="bbox 87 1081 1156 1167; baseline 0.001 -18"><span class='ocrx_word' id='word_1_42' title='bbox 87 1090 135 1149; x_wconf 81' lang='lat' dir='ltr'><strong>ert</strong></span> <span class='ocrx_word' id='word_1_43' title='bbox 153 1090 264 1147; x_wconf 80' lang='lat' dir='ltr'><strong>nancto</strong></span> <span class='ocrx_word' id='word_1_44' title='bbox 283 1081 432 1163; x_wconf 89' lang='lat' dir='ltr'><strong>conciIio,</strong></span> <span class='ocrx_word' id='word_1_45' title='bbox 451 1106 491 1147; x_wconf 92' lang='lat' dir='ltr'><strong>nc</strong></span> <span class='ocrx_word' id='word_1_46' title='bbox 504 1094 614 1164; x_wconf 89' lang='lat' dir='ltr'><strong>postea</strong></span> <span class='ocrx_word' id='word_1_47' title='bbox 625 1088 678 1167; x_wconf 78' lang='lat'><strong>⁴⁹)</strong></span> <span class='ocrx_word' id='word_1_48' title='bbox 696 1082 774 1149; x_wconf 84' lang='lat' dir='ltr'><strong>talia</strong></span> <span class='ocrx_word' id='word_1_49' title='bbox 792 1087 960 1165; x_wconf 87' lang='lat' dir='ltr'><strong>exsistant,</strong></span> <span class='ocrx_word' id='word_1_50' title='bbox 978 1082 1082 1148; x_wconf 91' lang='lat' dir='ltr'><strong>iaculo</strong></span> <span class='ocrx_word' id='word_1_51' title='bbox 1100 1107 1156 1150; x_wconf 82' lang='lat' dir='ltr'><strong>eor</strong></span> 
     </span>
     <span class='ocr_line' id='line_1_8' title="bbox 87 1182 1158 1267; baseline 0 -16"><span class='ocrx_word' id='word_1_52' title='bbox 87 1182 245 1267; x_wconf 72' lang='lat' dir='ltr'><strong>spirituali</strong></span> <span class='ocrx_word' id='word_1_53' title='bbox 261 1192 434 1265; x_wconf 87' lang='lat' dir='ltr'><strong>percutere,</strong></span> <span class='ocrx_word' id='word_1_54' title='bbox 452 1194 498 1265; x_wconf 88' lang='lat' dir='ltr'><strong>ut,</strong></span> <span class='ocrx_word' id='word_1_55' title='bbox 517 1188 545 1249; x_wconf 83' lang='lat' dir='ltr'><strong>ri</strong></span> <span class='ocrx_word' id='word_1_56' title='bbox 563 1188 630 1266; x_wconf 84' lang='lat' dir='ltr'><strong>quis</strong></span> <span class='ocrx_word' id='word_1_57' title='bbox 649 1185 763 1251; x_wconf 87' lang='lat' dir='ltr'><strong>clerico</strong></span> <span class='ocrx_word' id='word_1_58' title='bbox 781 1185 918 1267; x_wconf 81' lang='lat' dir='ltr'><strong>aliquam</strong></span> <span class='ocrx_word' id='word_1_59' title='bbox 936 1188 1082 1251; x_wconf 91' lang='lat' dir='ltr'><strong>iniuriam</strong></span> <span class='ocrx_word' id='word_1_60' title='bbox 1099 1209 1158 1252; x_wconf 83' lang='lat' dir='ltr'><strong>eeu</strong></span> 
     </span>
     <span class='ocr_line' id='line_1_9' title="bbox 87 1278 1158 1371; baseline 0 -18"><span class='ocrx_word' id='word_1_61' title='bbox 87 1284 279 1353; x_wconf 72' lang='lat' dir='ltr'><strong>mlumniam</strong></span> <span class='ocrx_word' id='word_1_62' title='bbox 297 1288 482 1371; x_wconf 73' lang='lat' dir='ltr'><strong>ingesserit,</strong></span> <span class='ocrx_word' id='word_1_63' title='bbox 509 1309 529 1351; x_wconf 91' lang='lat' dir='ltr'><strong>a</strong></span> <span class='ocrx_word' id='word_1_64' title='bbox 549 1286 710 1352; x_wconf 86' lang='lat' dir='ltr'><strong>liminibus</strong></span> <span class='ocrx_word' id='word_1_65' title='bbox 728 1296 859 1353; x_wconf 86' lang='lat' dir='ltr'><strong>sanctae</strong></span> <span class='ocrx_word' id='word_1_66' title='bbox 877 1287 1031 1355; x_wconf 77' lang='lat' dir='ltr'><strong>ecclesiae</strong></span> <span class='ocrx_word' id='word_1_67' title='bbox 1048 1278 1158 1353; x_wconf 87' lang='lat' dir='ltr'><strong>arcea-</strong></span> 
     </span>
     <span class='ocr_line' id='line_1_10' title="bbox 87 1388 813 1474; baseline -0.003 -19"><span class='ocrx_word' id='word_1_68' title='bbox 87 1396 154 1469; x_wconf 82' lang='lat' dir='ltr'><strong>mr,</strong></span> <span class='ocrx_word' id='word_1_69' title='bbox 172 1408 272 1469; x_wconf 82' lang='lat' dir='ltr'><strong>usque</strong></span> <span class='ocrx_word' id='word_1_70' title='bbox 290 1388 330 1451; x_wconf 92' lang='lat' dir='ltr'><strong>ad</strong></span> <span class='ocrx_word' id='word_1_71' title='bbox 349 1388 538 1474; x_wconf 81' lang='lat' dir='ltr'><strong>condignam</strong></span> <span class='ocrx_word' id='word_1_72' title='bbox 555 1389 813 1455; x_wconf 78' lang='lat' dir='ltr'><strong>satisfactionem.</strong></span> 
     </span>
    </p>
   </div>
   <div class='ocr_carea' id='block_1_5' title="bbox 281 1555 1287 1647">
    <p class='ocr_par' dir='ltr' id='par_1_5' title="bbox 281 1555 1287 1647">
     <span class='ocr_line' id='line_1_11' title="bbox 281 1555 1287 1647; baseline 0 -27"><span class='ocrx_word' id='word_1_73' title='bbox 281 1555 318 1621; x_wconf 85' lang='lat' dir='ltr'><strong>C.</strong></span> <span class='ocrx_word' id='word_1_74' title='bbox 336 1556 455 1622; x_wconf 87' lang='lat' dir='ltr'>XXX.</span> <span class='ocrx_word' id='word_1_75' title='bbox 498 1556 559 1624; x_wconf 67' lang='lat' dir='ltr'><strong>aa</strong></span> <span class='ocrx_word' id='word_1_76' title='bbox 578 1558 718 1625; x_wconf 65' lang='lat' dir='ltr'><strong>Omedlto</strong></span> <span class='ocrx_word' id='word_1_77' title='bbox 734 1558 970 1647; x_wconf 73' lang='lat' dir='ltr'><strong>Rotoeregenrr&#39;.</strong></span> <span class='ocrx_word' id='word_1_78' title='bbox 1166 1575 1287 1627; x_wconf 69' lang='lat' dir='ltr'><strong>uum</strong></span> 
     </span>
    </p>
   </div>
   <div class='ocr_carea' id='block_1_6' title="bbox 87 1674 1161 1882">
    <p class='ocr_par' dir='ltr' id='par_1_6' title="bbox 87 1674 1161 1882">
     <span class='ocr_line' id='line_1_12' title="bbox 179 1674 1161 1782; baseline 0.006 -25"><span class='ocrx_word' id='word_1_79' title='bbox 179 1692 271 1779; x_wconf 85' lang='lat' dir='ltr'><strong>[Hoc</strong></span> <span class='ocrx_word' id='word_1_80' title='bbox 292 1674 360 1758; x_wconf 85' lang='lat' dir='ltr'><strong>loco</strong></span> <span class='ocrx_word' id='word_1_81' title='bbox 380 1700 416 1759; x_wconf 78' lang='lat' dir='ltr'><strong>tn</strong></span> <span class='ocrx_word' id='word_1_82' title='bbox 436 1692 550 1760; x_wconf 76' lang='lat' dir='ltr'><strong>Codice</strong></span> <span class='ocrx_word' id='word_1_83' title='bbox 569 1698 688 1779; x_wconf 72' lang='lat' dir='ltr'><strong>reptent</strong></span> <span class='ocrx_word' id='word_1_84' title='bbox 708 1697 863 1761; x_wconf 68' lang='lat' dir='ltr'><strong>tamnen</strong></span> <span class='ocrx_word' id='word_1_85' title='bbox 883 1703 1046 1782; x_wconf 75' lang='lat' dir='ltr'><strong>arreptura</strong></span> <span class='ocrx_word' id='word_1_86' title='bbox 1066 1717 1161 1763; x_wconf 76' lang='lat' dir='ltr'><strong>erm</strong></span> 
     </span>
     <span class='ocr_line' id='line_1_13' title="bbox 87 1795 618 1882; baseline -0.004 -20"><span class='ocrx_word' id='word_1_87' title='bbox 87 1804 152 1875; x_wconf 80' lang='lat' dir='ltr'><strong>ert,</strong></span> <span class='ocrx_word' id='word_1_88' title='bbox 171 1802 233 1875; x_wconf 71' lang='lat' dir='ltr'><strong>eta,</strong></span> <span class='ocrx_word' id='word_1_89' title='bbox 251 1804 291 1861; x_wconf 78' lang='lat' dir='ltr'><strong>et</strong></span> <span class='ocrx_word' id='word_1_90' title='bbox 306 1795 390 1860; x_wconf 72' lang='lat' dir='ltr'><strong>nibil</strong></span> <span class='ocrx_word' id='word_1_91' title='bbox 405 1804 478 1862; x_wconf 76' lang='lat' dir='ltr'><strong>eurr·</strong></span> <span class='ocrx_word' id='word_1_92' title='bbox 487 1797 618 1882; x_wconf 67' lang='lat' dir='ltr'><strong>poenit}</strong></span> 
     </span>
    </p>
   </div>
   <div class='ocr_carea' id='block_1_7' title="bbox 324 1963 1281 2052">
    <p class='ocr_par' dir='ltr' id='par_1_7' title="bbox 324 1963 1281 2052">
     <span class='ocr_line' id='line_1_14' title="bbox 324 1963 1281 2052; baseline -0.004 -22"><span class='ocrx_word' id='word_1_93' title='bbox 324 1963 361 2030; x_wconf 88' lang='lat' dir='ltr'><strong>C.</strong></span> <span class='ocrx_word' id='word_1_94' title='bbox 379 1965 515 2031; x_wconf 86' lang='lat' dir='ltr'>XXXI.</span> <span class='ocrx_word' id='word_1_95' title='bbox 559 1966 614 2032; x_wconf 87' lang='lat' dir='ltr'><strong>De</strong></span> <span class='ocrx_word' id='word_1_96' title='bbox 629 1973 777 2052; x_wconf 75' lang='lat' dir='ltr'><strong>ingenue</strong></span> <span class='ocrx_word' id='word_1_97' title='bbox 793 1971 930 2033; x_wconf 73' lang='lat' dir='ltr'><strong>clericis.</strong></span> <span class='ocrx_word' id='word_1_98' title='bbox 1171 1983 1281 2031; x_wconf 73' lang='lat' dir='ltr'><strong>aueo</strong></span> 
     </span>
    </p>
   </div>
   <div class='ocr_carea' id='block_1_8' title="bbox 134 2099 1117 2289">
    <p class='ocr_par' dir='ltr' id='par_1_8' title="bbox 134 2099 1117 2289">
     <span class='ocr_line' id='line_1_15' title="bbox 134 2099 1117 2187; baseline 0.001 -20"><span class='ocrx_word' id='word_1_99' title='bbox 134 2100 197 2167; x_wconf 83' lang='lat' dir='ltr'><strong>Ex</strong></span> <span class='ocrx_word' id='word_1_100' title='bbox 213 2099 391 2187; x_wconf 81' lang='lat' dir='ltr'><strong>Begirtro</strong></span> <span class='ocrx_word' id='word_1_101' title='bbox 408 2100 444 2167; x_wconf 84' lang='grc' dir='ltr'><strong>Ρ.</strong></span> <span class='ocrx_word' id='word_1_102' title='bbox 463 2102 489 2167; x_wconf 93' lang='grc' dir='ltr'><strong>Ι.</strong></span> <span class='ocrx_word' id='word_1_103' title='bbox 508 2103 553 2166; x_wconf 86' lang='lat' dir='ltr'><strong>ed</strong></span> <span class='ocrx_word' id='word_1_104' title='bbox 570 2102 682 2168; x_wconf 82' lang='lat' dir='ltr'><strong>Amos</strong></span> <span class='ocrx_word' id='word_1_105' title='bbox 699 2102 923 2185; x_wconf 79' lang='lat' dir='ltr'><strong>Episcopum</strong></span> <span class='ocrx_word' id='word_1_106' title='bbox 940 2102 1117 2168; x_wconf 78' lang='lat' dir='ltr'><strong>Hieroso·</strong></span> 
     </span>
     <span class='ocr_line' id='line_1_16' title="bbox 478 2203 778 2289; baseline -0.003 -22"><span class='ocrx_word' id='word_1_107' title='bbox 478 2203 663 2287; x_wconf 85' lang='lat' dir='ltr'><strong>lymornm</strong></span> <span class='ocrx_word' id='word_1_108' title='bbox 676 2206 703 2288; x_wconf 65' lang='lat'><strong>(1)</strong></span> <span class='ocrx_word' id='word_1_109' title='bbox 718 2206 778 2289; x_wconf 83' lang='lat'><strong>⁵⁰).</strong></span> 
     </span>
    </p>
   </div>
   <div class='ocr_carea' id='block_1_9' title="bbox 87 2312 1265 3019">
    <p class='ocr_par' dir='ltr' id='par_1_9' title="bbox 87 2312 1265 3019">
     <span class='ocr_line' id='line_1_17' title="bbox 184 2312 1265 2389; baseline 0 -2"><span class='ocrx_word' id='word_1_110' title='bbox 184 2320 265 2387; x_wconf 86' lang='lat' dir='ltr'><strong>Cum</strong></span> <span class='ocrx_word' id='word_1_111' title='bbox 285 2312 519 2388; x_wconf 79' lang='lat' dir='ltr'><strong>fraternitatem</strong></span> <span class='ocrx_word' id='word_1_112' title='bbox 541 2330 627 2387; x_wconf 90' lang='lat' dir='ltr'><strong>tuam</strong></span> <span class='ocrx_word' id='word_1_113' title='bbox 650 2320 844 2387; x_wconf 76' lang='lat' dir='ltr'><strong>confidamus</strong></span> <span class='ocrx_word' id='word_1_114' title='bbox 865 2344 1020 2388; x_wconf 90' lang='lat' dir='ltr'><strong>canonum</strong></span> <span class='ocrx_word' id='word_1_115' title='bbox 1046 2328 1166 2389; x_wconf 70' lang='lat' dir='ltr'><strong>statute</strong></span> <span class='ocrx_word' id='word_1_116' title='bbox 1255 2339 1265 2349; x_wconf 91' lang='lat'>·</span> 
     </span>
     <span class='ocr_line' id='line_1_18' title="bbox 87 2423 1167 2511; baseline -0.003 -18"><span class='ocrx_word' id='word_1_117' title='bbox 87 2432 127 2493; x_wconf 86' lang='lat' dir='ltr'><strong>et</strong></span> <span class='ocrx_word' id='word_1_118' title='bbox 152 2425 298 2511; x_wconf 75' lang='lat' dir='ltr'><strong>vigorem</strong></span> <span class='ocrx_word' id='word_1_119' title='bbox 323 2423 456 2509; x_wconf 78' lang='lat' dir='ltr'><strong>diligere</strong></span> <span class='ocrx_word' id='word_1_120' title='bbox 470 2426 528 2505; x_wconf 80' lang='lat'><strong>⁵¹)</strong></span> <span class='ocrx_word' id='word_1_121' title='bbox 557 2424 754 2506; x_wconf 83' lang='lat' dir='ltr'><strong>disciplinae,</strong></span> <span class='ocrx_word' id='word_1_122' title='bbox 785 2424 846 2489; x_wconf 91' lang='lat' dir='ltr'><strong>boc</strong></span> <span class='ocrx_word' id='word_1_123' title='bbox 872 2425 929 2489; x_wconf 90' lang='lat' dir='ltr'><strong>tibi</strong></span> <span class='ocrx_word' id='word_1_124' title='bbox 954 2424 1167 2510; x_wconf 82' lang='lat' dir='ltr'><strong>indagandum</strong></span> 
     </span>
     <span class='ocr_line' id='line_1_19' title="bbox 87 2525 1166 2611; baseline -0.002 -19"><span class='ocrx_word' id='word_1_125' title='bbox 87 2526 249 2593; x_wconf 79' lang='lat' dir='ltr'><strong>mandere</strong></span> <span class='ocrx_word' id='word_1_126' title='bbox 266 2528 458 2606; x_wconf 76' lang='lat' dir='ltr'><strong>curavimus,</strong></span> <span class='ocrx_word' id='word_1_127' title='bbox 483 2529 556 2607; x_wconf 87' lang='lat' dir='ltr'><strong>quie</strong></span> <span class='ocrx_word' id='word_1_128' title='bbox 568 2528 618 2611; x_wconf 79' lang='lat'><strong>⁵²)</strong></span> <span class='ocrx_word' id='word_1_129' title='bbox 637 2528 767 2611; x_wconf 78' lang='lat' dir='ltr'><strong>ingenui</strong></span> <span class='ocrx_word' id='word_1_130' title='bbox 784 2525 901 2606; x_wconf 88' lang='lat' dir='ltr'><strong>clerici,</strong></span> <span class='ocrx_word' id='word_1_131' title='bbox 913 2526 976 2607; x_wconf 79' lang='lat' dir='ltr'><strong>,qui</strong></span> <span class='ocrx_word' id='word_1_132' title='bbox 993 2528 1166 2608; x_wconf 83' lang='lat' dir='ltr'><strong>capacioris</strong></span> 
     </span>
     <span class='ocr_line' id='line_1_20' title="bbox 90 2628 1168 2715; baseline -0.002 -20"><span class='ocrx_word' id='word_1_133' title='bbox 90 2636 130 2695; x_wconf 85' lang='lat' dir='ltr'><strong>et</strong></span> <span class='ocrx_word' id='word_1_134' title='bbox 148 2629 319 2713; x_wconf 72' lang='lat' dir='ltr'><strong>argutioris</strong></span> <span class='ocrx_word' id='word_1_135' title='bbox 337 2635 410 2692; x_wconf 83' lang='lat' dir='ltr'><strong>aunt</strong></span> <span class='ocrx_word' id='word_1_136' title='bbox 427 2630 562 2715; x_wconf 83' lang='lat' dir='ltr'><strong>ingenii,</strong></span> <span class='ocrx_word' id='word_1_137' title='bbox 589 2650 629 2692; x_wconf 92' lang='lat' dir='ltr'><strong>ne</strong></span> <span class='ocrx_word' id='word_1_138' title='bbox 642 2630 695 2711; x_wconf 84' lang='grc'><strong>55)</strong></span> <span class='ocrx_word' id='word_1_139' title='bbox 714 2629 754 2691; x_wconf 87' lang='lat' dir='ltr'><strong>ad</strong></span> <span class='ocrx_word' id='word_1_140' title='bbox 770 2628 858 2708; x_wconf 90' lang='lat' dir='ltr'><strong>loca,</strong></span> <span class='ocrx_word' id='word_1_141' title='bbox 886 2649 967 2709; x_wconf 88' lang='lat' dir='ltr'><strong>quae</strong></span> <span class='ocrx_word' id='word_1_142' title='bbox 984 2630 1117 2693; x_wconf 75' lang='lat' dir='ltr'><strong>scientie</strong></span> <span class='ocrx_word' id='word_1_143' title='bbox 1134 2639 1168 2693; x_wconf 84' lang='lat' dir='ltr'><strong>et</strong></span> 
     </span>
     <span class='ocr_line' id='line_1_21' title="bbox 87 2729 1167 2816; baseline -0.006 -17"><span class='ocrx_word' id='word_1_144' title='bbox 87 2732 244 2799; x_wconf 68' lang='lat' dir='ltr'><strong>domina</strong></span> <span class='ocrx_word' id='word_1_145' title='bbox 260 2729 489 2795; x_wconf 87' lang='lat' dir='ltr'><strong>excellentiora</strong></span> <span class='ocrx_word' id='word_1_146' title='bbox 507 2732 750 2811; x_wconf 82' lang='lat' dir='ltr'><strong>conspiciuntur,</strong></span> <span class='ocrx_word' id='word_1_147' title='bbox 770 2731 913 2795; x_wconf 76' lang='lat' dir='ltr'><strong>discendi</strong></span> <span class='ocrx_word' id='word_1_148' title='bbox 929 2732 1034 2816; x_wconf 79' lang='lat' dir='ltr'><strong>gratie</strong></span> <span class='ocrx_word' id='word_1_149' title='bbox 1049 2750 1107 2811; x_wconf 87' lang='lat' dir='ltr'><strong>pro</strong></span> <span class='ocrx_word' id='word_1_150' title='bbox 1117 2732 1167 2813; x_wconf 79' lang='grc'><strong>54)</strong></span> 
     </span>
     <span class='ocr_line' id='line_1_22' title="bbox 91 2831 1168 2921; baseline -0.007 -18"><span class='ocrx_word' id='word_1_151' title='bbox 91 2831 235 2903; x_wconf 84' lang='lat' dir='ltr'><strong>utilitate</strong></span> <span class='ocrx_word' id='word_1_152' title='bbox 257 2831 412 2897; x_wconf 76' lang='lat' dir='ltr'><strong>eeclesiae</strong></span> <span class='ocrx_word' id='word_1_153' title='bbox 434 2834 545 2913; x_wconf 79' lang='lat' dir='ltr'><strong>auique</strong></span> <span class='ocrx_word' id='word_1_154' title='bbox 567 2835 737 2897; x_wconf 76' lang='lat' dir='ltr'><strong>necessarii</strong></span> <span class='ocrx_word' id='word_1_155' title='bbox 757 2833 895 2914; x_wconf 91' lang='lat' dir='ltr'><strong>petendo</strong></span> <span class='ocrx_word' id='word_1_156' title='bbox 909 2831 962 2921; x_wconf 88' lang='grc'><strong>55)</strong></span> <span class='ocrx_word' id='word_1_157' title='bbox 988 2839 1168 2897; x_wconf 75' lang='lat' dir='ltr'><strong>transmen-</strong></span> 
     </span>
     <span class='ocr_line' id='line_1_23' title="bbox 94 2931 1168 3019; baseline -0.002 -19"><span class='ocrx_word' id='word_1_158' title='bbox 94 2934 178 3001; x_wconf 86' lang='lat' dir='ltr'><strong>dant</strong></span> <span class='ocrx_word' id='word_1_159' title='bbox 191 2935 258 3019; x_wconf 83' lang='grc'>55),</span> <span class='ocrx_word' id='word_1_160' title='bbox 284 2934 405 2998; x_wconf 90' lang='lat' dir='ltr'><strong>invidia</strong></span> <span class='ocrx_word' id='word_1_161' title='bbox 426 2931 609 3014; x_wconf 90' lang='lat' dir='ltr'><strong>pontificum</strong></span> <span class='ocrx_word' id='word_1_162' title='bbox 631 2956 726 3016; x_wconf 83' lang='lat' dir='ltr'><strong>saepe</strong></span> <span class='ocrx_word' id='word_1_163' title='bbox 748 2934 969 3016; x_wconf 87' lang='lat' dir='ltr'><strong>prohibentur,</strong></span> <span class='ocrx_word' id='word_1_164' title='bbox 996 2957 1063 3016; x_wconf 92' lang='lat' dir='ltr'><strong>cap.</strong></span> <span class='ocrx_word' id='word_1_165' title='bbox 1085 2933 1168 2999; x_wconf 87' lang='lat' dir='ltr'><strong>XX.</strong></span> 
     </span>
    </p>
   </div>
   <div class='ocr_carea' id='block_1_10' title="bbox 95 3100 316 3113">
    <p class='ocr_par' dir='ltr' id='par_1_10' title="bbox 95 3100 316 3113">
     <span class='ocr_line' id='line_1_24' title="bbox 95 3100 316 3113; baseline -0.023 0"><span class='ocrx_word' id='word_1_166' title='bbox 95 3100 316 3113; x_wconf 51' lang='lat'><strong>*-</strong></span> 
     </span>
    </p>
   </div>
   <div class='ocr_carea' id='block_1_11' title="bbox 96 3192 1172 3459">
    <p class='ocr_par' dir='ltr' id='par_1_11' title="bbox 169 3192 1018 3254">
     <span class='ocr_line' id='line_1_25' title="bbox 169 3192 1018 3254; baseline 0 -13"><span class='ocrx_word' id='word_1_167' title='bbox 169 3194 200 3242; x_wconf 76' lang='lat' dir='ltr'><strong>G.</strong></span> <span class='ocrx_word' id='word_1_168' title='bbox 216 3192 315 3242; x_wconf 79' lang='lat' dir='ltr'>XXIX.</span> <span class='ocrx_word' id='word_1_169' title='bbox 349 3193 379 3254; x_wconf 89' lang='lat' dir='ltr'><strong>p)</strong></span> <span class='ocrx_word' id='word_1_170' title='bbox 396 3195 476 3242; x_wconf 86' lang='lat' dir='ltr'><strong>Immo</strong></span> <span class='ocrx_word' id='word_1_171' title='bbox 486 3193 520 3241; x_wconf 81' lang='lat' dir='ltr'><strong>ex&#39;</strong></span> <span class='ocrx_word' id='word_1_172' title='bbox 530 3196 607 3242; x_wconf 83' lang='lat' dir='ltr'><strong>Cone.</strong></span> <span class='ocrx_word' id='word_1_173' title='bbox 616 3194 733 3254; x_wconf 71' lang='lat' dir='ltr'><strong>Mogont.</strong></span> <span class='ocrx_word' id='word_1_174' title='bbox 741 3193 799 3240; x_wconf 81' lang='lat' dir='ltr'><strong>heb.</strong></span> <span class='ocrx_word' id='word_1_175' title='bbox 807 3206 867 3241; x_wconf 80' lang='lat' dir='ltr'><strong>ann.</strong></span> <span class='ocrx_word' id='word_1_176' title='bbox 877 3195 946 3253; x_wconf 63' lang='lat'><strong>888„</strong></span> <span class='ocrx_word' id='word_1_177' title='bbox 959 3206 982 3241; x_wconf 92' lang='lat' dir='ltr'><strong>e.</strong></span> <span class='ocrx_word' id='word_1_178' title='bbox 992 3195 1018 3242; x_wconf 80' lang='lat' dir='ltr'><strong>t.</strong></span> 
     </span>
    </p>

    <p class='ocr_par' dir='ltr' id='par_1_12' title="bbox 96 3258 1172 3459">
     <span class='ocr_line' id='line_1_26' title="bbox 171 3258 1172 3322; baseline -0.004 -11"><span class='ocrx_word' id='word_1_179' title='bbox 171 3262 201 3311; x_wconf 81' lang='lat' dir='ltr'><strong>G.</strong></span> <span class='ocrx_word' id='word_1_180' title='bbox 218 3261 315 3309; x_wconf 84' lang='lat' dir='ltr'>XXXI.</span> <span class='ocrx_word' id='word_1_181' title='bbox 350 3262 378 3322; x_wconf 87' lang='lat' dir='ltr'><strong>q)</strong></span> <span class='ocrx_word' id='word_1_182' title='bbox 395 3264 466 3311; x_wconf 84' lang='lat' dir='ltr'><strong>Inter</strong></span> <span class='ocrx_word' id='word_1_183' title='bbox 479 3262 597 3322; x_wconf 79' lang='lat' dir='ltr'><strong>Gregorii</strong></span> <span class='ocrx_word' id='word_1_184' title='bbox 609 3264 644 3310; x_wconf 89' lang='lat' dir='ltr'><strong>M.</strong></span> <span class='ocrx_word' id='word_1_185' title='bbox 658 3260 790 3321; x_wconf 86' lang='lat' dir='ltr'><strong>Epirtoler</strong></span> <span class='ocrx_word' id='word_1_186' title='bbox 803 3274 855 3307; x_wconf 90' lang='lat' dir='ltr'><strong>non</strong></span> <span class='ocrx_word' id='word_1_187' title='bbox 871 3262 973 3321; x_wconf 77' lang='lat' dir='ltr'><strong>exalet,</strong></span> <span class='ocrx_word' id='word_1_188' title='bbox 989 3272 1049 3307; x_wconf 80' lang='lat' dir='ltr'><strong>nem</strong></span> <span class='ocrx_word' id='word_1_189' title='bbox 1059 3258 1172 3307; x_wconf 84' lang='lat' dir='ltr'><strong>uuiceiu</strong></span> 
     </span>
     <span class='ocr_line' id='line_1_27' title="bbox 96 3326 1172 3392; baseline -0.005 -14"><span class='ocrx_word' id='word_1_190' title='bbox 96 3330 223 3392; x_wconf 70' lang='lat' dir='ltr'><strong>Reglrtm</strong></span> <span class='ocrx_word' id='word_1_191' title='bbox 231 3330 348 3378; x_wconf 80' lang='lat' dir='ltr'><strong>edAmer</strong></span> <span class='ocrx_word' id='word_1_192' title='bbox 357 3330 406 3390; x_wconf 80' lang='lat' dir='ltr'><strong>Ep.</strong></span> <span class='ocrx_word' id='word_1_193' title='bbox 414 3330 542 3378; x_wconf 83' lang='lat' dir='ltr'><strong>llierorol.</strong></span> <span class='ocrx_word' id='word_1_194' title='bbox 552 3330 661 3390; x_wconf 83' lang='lat' dir='ltr'><strong>epietele</strong></span> <span class='ocrx_word' id='word_1_195' title='bbox 671 3330 712 3391; x_wconf 77' lang='lat' dir='ltr'><strong>(L.</strong></span> <span class='ocrx_word' id='word_1_196' title='bbox 720 3331 775 3378; x_wconf 89' lang='lat' dir='ltr'>VII.</span> <span class='ocrx_word' id='word_1_197' title='bbox 785 3328 839 3376; x_wconf 87' lang='lat' dir='ltr'><strong>lud.</strong></span> <span class='ocrx_word' id='word_1_198' title='bbox 849 3330 872 3377; x_wconf 91' lang='lat'><strong>1.</strong></span> <span class='ocrx_word' id='word_1_199' title='bbox 882 3342 922 3389; x_wconf 88' lang='lat' dir='ltr'><strong>ep.</strong></span> <span class='ocrx_word' id='word_1_200' title='bbox 931 3327 967 3388; x_wconf 77' lang='lat' dir='ltr'><strong>t.)</strong></span> <span class='ocrx_word' id='word_1_201' title='bbox 981 3340 1034 3377; x_wconf 91' lang='lat' dir='ltr'><strong>nou</strong></span> <span class='ocrx_word' id='word_1_202' title='bbox 1042 3326 1172 3388; x_wconf 77' lang='lat' dir='ltr'><strong>congruit,</strong></span> 
     </span>
     <span class='ocr_line' id='line_1_28' title="bbox 96 3397 565 3459; baseline -0.009 -10"><span class='ocrx_word' id='word_1_203' title='bbox 96 3400 196 3449; x_wconf 81' lang='lat' dir='ltr'><strong>decent</strong></span> <span class='ocrx_word' id='word_1_204' title='bbox 206 3397 295 3459; x_wconf 80' lang='lat' dir='ltr'><strong>priora</strong></span> <span class='ocrx_word' id='word_1_205' title='bbox 303 3398 325 3445; x_wconf 83' lang='lat' dir='ltr'><strong>ri</strong></span> <span class='ocrx_word' id='word_1_206' title='bbox 335 3398 470 3459; x_wconf 87' lang='lat' dir='ltr'><strong>exceperir</strong></span> <span class='ocrx_word' id='word_1_207' title='bbox 480 3400 565 3446; x_wconf 84' lang='lat' dir='ltr'><strong>verbe.</strong></span> 
     </span>
    </p>
   </div>
   <div class='ocr_carea' id='block_1_12' title="bbox 99 3544 1256 4396">
    <p class='ocr_par' dir='ltr' id='par_1_13' title="bbox 99 3544 1256 4396">
     <span class='ocr_line' id='line_1_29' title="bbox 146 3544 1173 3628; baseline -0.007 -17"><span class='ocrx_word' id='word_1_208' title='bbox 146 3550 183 3611; x_wconf 85' lang='lat' dir='ltr'><strong>C.</strong></span> <span class='ocrx_word' id='word_1_209' title='bbox 216 3548 323 3610; x_wconf 85' lang='lat' dir='ltr'>XXIX.</span> <span class='ocrx_word' id='word_1_210' title='bbox 359 3552 417 3622; x_wconf 82' lang='grc'>48)</span> <span class='ocrx_word' id='word_1_211' title='bbox 455 3549 534 3624; x_wconf 79' lang='lat' dir='ltr'><strong>Quae</strong></span> <span class='ocrx_word' id='word_1_212' title='bbox 572 3569 619 3609; x_wconf 86' lang='lat' dir='ltr'><strong>se·</strong></span> <span class='ocrx_word' id='word_1_213' title='bbox 663 3549 685 3609; x_wconf 92' lang='lat' dir='ltr'><strong>l.</strong></span> <span class='ocrx_word' id='word_1_214' title='bbox 715 3555 796 3628; x_wconf 86' lang='lat' dir='ltr'><strong>(post</strong></span> <span class='ocrx_word' id='word_1_215' title='bbox 822 3567 848 3609; x_wconf 87' lang='lat' dir='ltr'><strong>c.</strong></span> <span class='ocrx_word' id='word_1_216' title='bbox 879 3544 1019 3619; x_wconf 91' lang='lat' dir='ltr'>XXVlll)</span> <span class='ocrx_word' id='word_1_217' title='bbox 1051 3547 1173 3625; x_wconf 85' lang='lat' dir='ltr'><strong>recepit,</strong></span> 
     </span>
     <span class='ocr_line' id='line_1_30' title="bbox 99 3632 1256 3719; baseline -0.005 -22"><span class='ocrx_word' id='word_1_218' title='bbox 99 3644 230 3717; x_wconf 76' lang='lat' dir='ltr'><strong>quantur</strong></span> <span class='ocrx_word' id='word_1_219' title='bbox 246 3636 354 3715; x_wconf 84' lang='lat' dir='ltr'><strong>capitu,</strong></span> <span class='ocrx_word' id='word_1_220' title='bbox 377 3636 406 3692; x_wconf 93' lang='lat' dir='ltr'><strong>in</strong></span> <span class='ocrx_word' id='word_1_221' title='bbox 425 3634 489 3694; x_wconf 84' lang='lat' dir='ltr'><strong>solo</strong></span> <span class='ocrx_word' id='word_1_222' title='bbox 507 3645 621 3695; x_wconf 81' lang='lat' dir='ltr'><strong>exstant</strong></span> <span class='ocrx_word' id='word_1_223' title='bbox 665 3634 848 3715; x_wconf 84' lang='lat' dir='ltr'><strong>quamobrem</strong></span> <span class='ocrx_word' id='word_1_224' title='bbox 892 3632 966 3692; x_wconf 86' lang='lat' dir='ltr'><strong>baec</strong></span> <span class='ocrx_word' id='word_1_225' title='bbox 1009 3632 1175 3693; x_wconf 78' lang='lat' dir='ltr'><strong>recentiora</strong></span> <span class='ocrx_word' id='word_1_226' title='bbox 1250 3706 1256 3719; x_wconf 34' lang='grc' dir='ltr'>ι</span> 
     </span>
     <span class='ocr_line' id='line_1_31' title="bbox 104 3716 1175 3800; baseline -0.006 -19"><span class='ocrx_word' id='word_1_227' title='bbox 104 3718 219 3781; x_wconf 84' lang='lat' dir='ltr'><strong>Codice</strong></span> <span class='ocrx_word' id='word_1_228' title='bbox 255 3719 391 3799; x_wconf 87' lang='lat' dir='ltr'><strong>llelmst.‚</strong></span> <span class='ocrx_word' id='word_1_229' title='bbox 438 3731 469 3781; x_wconf 92' lang='lat' dir='ltr'><strong>et</strong></span> <span class='ocrx_word' id='word_1_230' title='bbox 509 3719 621 3800; x_wconf 88' lang='lat' dir='ltr'><strong>quidem</strong></span> <span class='ocrx_word' id='word_1_231' title='bbox 663 3719 825 3799; x_wconf 89' lang='lat' dir='ltr'><strong>Appendici</strong></span> <span class='ocrx_word' id='word_1_232' title='bbox 853 3716 889 3778; x_wconf 84' lang='lat' dir='ltr'><strong>IL</strong></span> <span class='ocrx_word' id='word_1_233' title='bbox 921 3716 1175 3782; x_wconf 82' lang='lat' dir='ltr'><strong>adnumeravimue..</strong></span> 
     </span>
     <span class='ocr_line' id='line_1_32' title="bbox 103 3802 989 3876; baseline -0.008 -7"><span class='ocrx_word' id='word_1_234' title='bbox 103 3806 244 3869; x_wconf 78' lang='lat' dir='ltr'><strong>continua</strong></span> <span class='ocrx_word' id='word_1_235' title='bbox 274 3807 352 3865; x_wconf 86' lang='lat' dir='ltr'><strong>reric</strong></span> <span class='ocrx_word' id='word_1_236' title='bbox 384 3804 621 3866; x_wconf 75' lang='lat' dir='ltr'><strong>antecedentibus</strong></span> <span class='ocrx_word' id='word_1_237' title='bbox 664 3810 718 3876; x_wconf 82' lang='grc'>49)</span> <span class='ocrx_word' id='word_1_238' title='bbox 738 3815 847 3864; x_wconf 80' lang='lat' dir='ltr'><strong>cneco:</strong></span> <span class='ocrx_word' id='word_1_239' title='bbox 869 3802 989 3864; x_wconf 87' lang='lat' dir='ltr'><strong>Ilelmst.</strong></span> 
     </span>
     <span class='ocr_line' id='line_1_33' title="bbox 102 3887 1178 3969; baseline -0.007 -16"><span class='ocrx_word' id='word_1_240' title='bbox 102 3890 257 3966; x_wconf 73' lang='lat' dir='ltr'><strong>adiuncta,</strong></span> <span class='ocrx_word' id='word_1_241' title='bbox 280 3908 372 3969; x_wconf 82' lang='lat' dir='ltr'><strong>eaque</strong></span> <span class='ocrx_word' id='word_1_242' title='bbox 395 3910 464 3963; x_wconf 83' lang='lat' dir='ltr'><strong>non,</strong></span> <span class='ocrx_word' id='word_1_243' title='bbox 488 3902 519 3950; x_wconf 91' lang='lat' dir='ltr'><strong>nt</strong></span> <span class='ocrx_word' id='word_1_244' title='bbox 536 3890 622 3949; x_wconf 82' lang='lat' dir='ltr'><strong>Ralu·</strong></span> <span class='ocrx_word' id='word_1_245' title='bbox 708 3889 741 3948; x_wconf 86' lang='lat' dir='ltr'><strong>C.</strong></span> <span class='ocrx_word' id='word_1_246' title='bbox 759 3888 867 3949; x_wconf 90' lang='lat' dir='ltr'>XXXI.</span> <span class='ocrx_word' id='word_1_247' title='bbox 891 3894 947 3967; x_wconf 86' lang='grc'><strong>50)</strong></span> <span class='ocrx_word' id='word_1_248' title='bbox 975 3888 1073 3948; x_wconf 81' lang='lat' dir='ltr'><strong>Fertis</strong></span> <span class='ocrx_word' id='word_1_249' title='bbox 1095 3887 1178 3947; x_wconf 84' lang='lat' dir='ltr'><strong>bolos</strong></span> 
     </span>
     <span class='ocr_line' id='line_1_34' title="bbox 103 3971 1177 4056; baseline -0.009 -17"><span class='ocrx_word' id='word_1_250' title='bbox 103 3978 170 4039; x_wconf 70' lang='lat' dir='ltr'><strong>aiut</strong></span> <span class='ocrx_word' id='word_1_251' title='bbox 187 3975 274 4052; x_wconf 81' lang='lat' dir='ltr'><strong>iecit,</strong></span> <span class='ocrx_word' id='word_1_252' title='bbox 303 3974 449 4036; x_wconf 81' lang='lat' dir='ltr'><strong>secundae</strong></span> <span class='ocrx_word' id='word_1_253' title='bbox 467 3975 623 4056; x_wconf 85' lang='lat' dir='ltr'><strong>adscripsi·</strong></span> <span class='ocrx_word' id='word_1_254' title='bbox 667 3975 870 4054; x_wconf 77' lang='lat' dir='ltr'><strong>allegationem</strong></span> <span class='ocrx_word' id='word_1_255' title='bbox 897 3976 994 4035; x_wconf 83' lang='lat' dir='ltr'><strong>omisit</strong></span> <span class='ocrx_word' id='word_1_256' title='bbox 1016 3971 1091 4032; x_wconf 88' lang='lat' dir='ltr'><strong>llild.</strong></span> <span class='ocrx_word' id='word_1_257' title='bbox 1115 3971 1177 4030; x_wconf 85' lang='lat' dir='ltr'><strong>Bnl.</strong></span> 
     </span>
     <span class='ocr_line' id='line_1_35' title="bbox 106 4056 1180 4141; baseline -0.007 -17"><span class='ocrx_word' id='word_1_258' title='bbox 106 4079 169 4124; x_wconf 86' lang='grc' dir='ltr'><strong>ιιι</strong></span> <span class='ocrx_word' id='word_1_259' title='bbox 199 4058 377 4141; x_wconf 78' lang='lat' dir='ltr'><strong>Appendici,</strong></span> <span class='ocrx_word' id='word_1_260' title='bbox 419 4060 469 4120; x_wconf 86' lang='lat' dir='ltr'><strong>sed</strong></span> <span class='ocrx_word' id='word_1_261' title='bbox 500 4062 621 4140; x_wconf 88' lang='lat' dir='ltr'><strong>primae,</strong></span> <span class='ocrx_word' id='word_1_262' title='bbox 668 4064 721 4135; x_wconf 84' lang='grc'><strong>51)</strong></span> <span class='ocrx_word' id='word_1_263' title='bbox 750 4062 901 4139; x_wconf 50' lang='lat' dir='ltr'><strong>mnam:</strong></span> <span class='ocrx_word' id='word_1_264' title='bbox 927 4059 998 4120; x_wconf 82' lang='lat' dir='ltr'><strong>ibid.</strong></span> <span class='ocrx_word' id='word_1_265' title='bbox 1042 4056 1098 4135; x_wconf 77' lang='lat'><strong>52)</strong></span> <span class='ocrx_word' id='word_1_266' title='bbox 1125 4075 1180 4115; x_wconf 84' lang='lat' dir='ltr'><strong>ne:</strong></span> 
     </span>
     <span class='ocr_line' id='line_1_36' title="bbox 108 4144 1181 4229; baseline -0.009 -22"><span class='ocrx_word' id='word_1_267' title='bbox 108 4146 177 4229; x_wconf 77' lang='lat' dir='ltr'><strong>quta</strong></span> <span class='ocrx_word' id='word_1_268' title='bbox 202 4145 293 4205; x_wconf 80' lang='lat' dir='ltr'><strong>multo</strong></span> <span class='ocrx_word' id='word_1_269' title='bbox 316 4147 476 4207; x_wconf 79' lang='lat' dir='ltr'><strong>retortiora</strong></span> <span class='ocrx_word' id='word_1_270' title='bbox 499 4165 564 4206; x_wconf 82' lang='lat' dir='ltr'><strong>erse</strong></span> <span class='ocrx_word' id='word_1_271' title='bbox 589 4165 624 4206; x_wconf 90' lang='lat' dir='ltr'><strong>ca</strong></span> <span class='ocrx_word' id='word_1_272' title='bbox 667 4144 707 4207; x_wconf 91' lang='lat' dir='ltr'><strong>ib.</strong></span> <span class='ocrx_word' id='word_1_273' title='bbox 744 4151 796 4218; x_wconf 81' lang='grc'><strong>53)</strong></span> <span class='ocrx_word' id='word_1_274' title='bbox 817 4144 900 4206; x_wconf 80' lang='lat' dir='ltr'><strong>deest</strong></span> <span class='ocrx_word' id='word_1_275' title='bbox 922 4146 961 4204; x_wconf 90' lang='lat' dir='ltr'><strong>ib.</strong></span> <span class='ocrx_word' id='word_1_276' title='bbox 1011 4144 1066 4217; x_wconf 75' lang='grc'><strong>54)</strong></span> <span class='ocrx_word' id='word_1_277' title='bbox 1084 4158 1181 4220; x_wconf 82' lang='lat' dir='ltr'><strong>prae:</strong></span> 
     </span>
     <span class='ocr_line' id='line_1_37' title="bbox 110 4225 1181 4312; baseline -0.006 -21"><span class='ocrx_word' id='word_1_278' title='bbox 110 4241 228 4295; x_wconf 88' lang='lat' dir='ltr'><strong>coortat</strong></span> <span class='ocrx_word' id='word_1_279' title='bbox 261 4231 319 4291; x_wconf 81' lang='lat' dir='ltr'><strong>illia</strong></span> <span class='ocrx_word' id='word_1_280' title='bbox 353 4231 510 4308; x_wconf 77' lang='lat' dir='ltr'><strong>capitibus,</strong></span> <span class='ocrx_word' id='word_1_281' title='bbox 552 4250 624 4312; x_wconf 86' lang='lat' dir='ltr'><strong>quae</strong></span> <span class='ocrx_word' id='word_1_282' title='bbox 667 4232 707 4291; x_wconf 93' lang='lat' dir='ltr'><strong>ib.</strong></span> <span class='ocrx_word' id='word_1_283' title='bbox 766 4236 819 4309; x_wconf 90' lang='grc'><strong>55)</strong></span> <span class='ocrx_word' id='word_1_284' title='bbox 851 4229 991 4310; x_wconf 73' lang='lat' dir='ltr'><strong>petendr’z</strong></span> <span class='ocrx_word' id='word_1_285' title='bbox 1026 4225 1066 4284; x_wconf 88' lang='lat' dir='ltr'><strong>ib.</strong></span> <span class='ocrx_word' id='word_1_286' title='bbox 1128 4228 1181 4296; x_wconf 85' lang='grc'><strong>56)</strong></span> 
     </span>
     <span class='ocr_line' id='line_1_38' title="bbox 112 4307 1181 4396; baseline -0.013 -18"><span class='ocrx_word' id='word_1_287' title='bbox 112 4314 172 4378; x_wconf 84' lang='lat' dir='ltr'><strong>lial.</strong></span> <span class='ocrx_word' id='word_1_288' title='bbox 192 4337 232 4378; x_wconf 83' lang='lat' dir='ltr'><strong>ex</strong></span> <span class='ocrx_word' id='word_1_289' title='bbox 254 4314 366 4376; x_wconf 86' lang='lat' dir='ltr'><strong>Codice</strong></span> <span class='ocrx_word' id='word_1_290' title='bbox 384 4316 477 4377; x_wconf 85' lang='lat' dir='ltr'><strong>Paria.</strong></span> <span class='ocrx_word' id='word_1_291' title='bbox 501 4318 530 4377; x_wconf 86' lang='lat' dir='ltr'><strong>in</strong></span> <span class='ocrx_word' id='word_1_292' title='bbox 548 4318 624 4396; x_wconf 82' lang='lat' dir='ltr'><strong>App.</strong></span> <span class='ocrx_word' id='word_1_293' title='bbox 669 4316 906 4375; x_wconf 73' lang='lat' dir='ltr'><strong>uenmceedaut.</strong></span> <span class='ocrx_word' id='word_1_294' title='bbox 933 4311 1027 4372; x_wconf 74' lang='lat' dir='ltr'><strong>luerit.</strong></span> <span class='ocrx_word' id='word_1_295' title='bbox 1053 4310 1107 4368; x_wconf 55' lang='lat'><strong>12..</strong></span> <span class='ocrx_word' id='word_1_296' title='bbox 1143 4307 1181 4365; x_wconf 91' lang='lat' dir='ltr'><strong>ib.</strong></span> 
     </span>
    </p>
   </div>
   <div class='ocr_carea' id='block_1_13' title="bbox 905 4413 972 4472">
    <p class='ocr_par' dir='ltr' id='par_1_14' title="bbox 905 4413 972 4472">
     <span class='ocr_line' id='line_1_39' title="bbox 905 4413 972 4472; baseline 0.03 -2"><span class='ocrx_word' id='word_1_297' title='bbox 905 4413 972 4472; x_wconf 74' lang='lat'><strong>26¹⁸</strong></span> 
     </span>
    </p>
   </div>
   <div class='ocr_carea' id='block_1_14' title="bbox 0 0 1298 4890">
    <p class='ocr_par' dir='ltr' id='par_1_15' title="bbox 0 0 1298 4890">
     <span class='ocr_line' id='line_1_40' title="bbox 0 0 1298 4890; baseline 0 0"><span class='ocrx_word' id='word_1_298' title='bbox 0 0 1298 4890; x_wconf 95' lang='lat' dir='ltr'><strong> </strong></span> 
     </span>
    </p>
   </div>
  </div>
 </body>
</html>
