2594 4898
213 290 224 315 '
329 305 408 386 cap.
427 303 829 367 conexum-ccccm.
1045 307 1113 373 sor

41 477 205 542 formatae
225 470 380 554 epistolae
399 481 584 536 reverenter
603 480 744 536 vestram
761 475 962 536 sanctitatem
979 475 1113 554 adimus,

42 578 138 642 vobis
163 573 399 649 videlieetffl)
427 575 618 654 intimando,
644 577 718 655 qnia
742 577 902 655 praesenti
926 576 1114 658 presbytero

45 689 169 753 nosne,
190 680 317 741 nomine
335 662 602 755 Gislemaro,l1as
620 676 814 740 dimissorias
832 677 973 740 dedimus
990 676 1113 758 literas,

45 804 141 863 quem
156 783 191 844 iu
212 786 325 843 nostra
345 778 483 842 dioecesi
505 776 718 843 ecclesiastice
736 780 919 857 educatum,
946 779 986 842 dc
1005 780 1115 842 ordine

45 883 216 947 clericatus
251 882 293 943 ad
326 879 564 961 presbyteratus
588 883 792 959 proveximus
818 880 965 965 gradum,
999 889 1035 944 nt
1065 881 1114 944 bis

45 986 208 1049 canonicis
225 983 364 1046 munitus
381 981 521 1061 apicibus
539 1003 611 1044 cum
632 990 742 1046 nostra
762 981 893 1046 licentia
910 985 940 1045 ci
956 985 990 1045 in
1006 990 1115 1046 vestra

44 1084 197 1167 parocbia
213 1083 273 1146 sub
290 1083 477 1146 defensione
494 1104 533 1146 ac
548 1085 701 1167 regimine
718 1092 844 1147 vestrae
862 1106 955 1147 carae
973 1082 1115 1148 dilectio·

45 1190 96 1251 nis
114 1187 232 1269 degere
248 1183 360 1263 bceat,
377 1183 528 1264 illumque
545 1187 578 1247 in
597 1187 667 1247 sinu
684 1194 814 1249 sanctae
831 1188 942 1249 matris
960 1182 1115 1248 ecclesiae

44 1290 200 1352 anonice
215 1286 386 1349 fovendum
404 1306 442 1349 ac
458 1286 631 1369 regendum
647 1286 739 1350 vobis
757 1289 989 1351 committimur.
1020 1285 1114 1349 Hanc

45 1412 123 1472 ergo
142 1389 307 1468 epistolam
318 1386 451 1451 Graecia
467 1387 569 1450 literis
587 1388 660 1450 binc
679 1389 753 1451 inde
770 1390 892 1451 munire
905 1389 1112 1468 decrerhnns,
1147 1391 1154 1396 ’

45 1501 79 1557 et
105 1489 224 1554 annulo
252 1487 405 1552 ecclesiae
432 1497 559 1552 nostrae
585 1488 709 1551 bullare
736 1491 923 1552 censuimus.
968 1488 1113 1554 Christus

44 1601 208 1674 pastorum
233 1593 379 1671 princeps
403 1592 584 1654 interventu
611 1590 697 1655 beati
722 1592 826 1670 Petri,
858 1595 909 1654 cui
934 1590 1113 1670 specialiter

46 1694 132 1759 ovile
150 1694 342 1757 dominicum
360 1694 560 1756 commissum
578 1701 641 1771 est,
665 1691 895 1756 fraternitatem
914 1701 1053 1757 vestram
1071 1695 1112 1757 ad

44 1795 222 1860 custodiam
233 1797 282 1858 sui
294 1796 399 1878 gregis
416 1796 470 1857 diu
487 1795 579 1858 nobis
597 1804 762 1858 conservet
774 1793 974 1859 ineolumem.
992 1793 1107 1858 Amen.

44 1900 91 1964 H.
122 1899 158 1962 Y.
180 1895 225 1962 A.
246 1897 295 1962 Π.
316 1898 356 1961 P.
381 1895 417 1961 0.
440 1894 477 1960 0.
508 1899 543 1961 Υ.
574 1896 612 1962 θ.
637 1894 779 1961 ΑΜΗΝ.
826 1895 957 1960 Summa
982 1897 1109 1961 horum:

44 1998 380 2078 MDXXXle).
424 1995 512 2061 Data
539 1996 706 2078 Treveris,
735 1997 816 2063 ldib.
834 1997 1000 2079 Octobris,
1022 2018 1108 2063 anno

45 2102 224 2165 dominicae
238 2101 465 2164 incarnationis
482 2098 705 2180 Dccccvl„
724 2102 896 2165 indictione
913 2122 998 2164 nona
1008 2105 1095 2178 ΠΝ).

260 2269 298 2340 c,
317 2268 485 2335 ccccm.
529 2269 613 2335 ron
631 2274 699 2336 ara
716 2268 901 2356 epotolal).
1097 2238 1169 2328 “aa

130 2389 406 2454 Reverendissimo
425 2398 458 2454 et
475 2392 673 2455 sanctissimo
690 2389 854 2469 Ratbodo,
877 2396 1006 2453 sanctae
1027 2385 1111 2453 'l're-

42 2495 188 2557 verensis
205 2492 358 2556 eeclesiae
381 2492 632 2573 archiepiscopo,
653 2491 746 2556 Dado
764 2492 986 2558 Wirdunensis
1008 2488 1110 2554 eccle·

43 2598 114 2658 siae
137 2595 268 2658 devotus
289 2596 396 2678 gregis
418 2591 538 2657 Christi
560 2594 696 2667 famulus
718 2598 750 2657 in
768 2594 909 2658 Domino
927 2586 1003 2656 uero
1022 2590 1110 2678 Rege

43 2717 188 2760 summae
217 2694 379 2759 felicitatis
406 2694 644 2759 beatitudinem.
699 2695 780 2760 Cum
810 2704 921 2760 sancta
952 2693 1111 2757 catholiea

44 2801 181 2863 ecclesia
197 2805 341 2877 prompta
357 2799 400 2861 sit
417 2799 506 2876 sequi
528 2799 718 2863 documenta
735 2796 935 2882 evangeliea,
959 2818 1040 2876 quae
1063 2796 1109 2859 di·

43 2900 182 2986 cunt†):
204 2897 269 2973 Qus
279 2905 396 2987 recapit
404 2897 598 2982 Prophetas
611 2908 646 2964 in
658 2909 780 2966 nomene
788 2896 981 2984 Prophetae,
995 2919 1110 2963 mace·

43 3005 112 3067 dem
129 3001 314 3085 Prophetae
329 3007 478 3084 acceptet,
497 3012 531 3065 et
548 3009 604 3086 qui
618 3008 737 3086 recipit
751 3010 868 3068 iustum
885 3011 958 3079 eta,
978 3008 1010 3065 st
1022 2999 1110 3080 Apo·

43 3103 144 3168 stolus
169 3103 280 3167 iubeat
303 3101 552 3183 hospitalitatem
578 3107 695 3167 sectari
716 3113 749 3168 et
770 3103 1013 3167 necessitatibus
1038 3122 1110 3164 aan-

45 3213 168 3267 ctorem
186 3206 323 3267 virorum
342 3207 587 3284 communicare,
611 3212 717 3274 tamen
730 3205 814 3288 ¹⁰⁴),
833 3207 886 3284 qui
904 3205 1110 3268 cauteriatam

44 3335 257 3344 -υ--ι

111 3397 139 3443 c.
150 3394 273 3440 ccccm.
297 3394 324 3455 b)
334 3393 467 3444 Bureb.11.
477 3397 535 3443 22¹1.
545 3389 609 3457 (a),
625 3393 702 3441 liert.
711 3395 754 3442 Vl.
764 3395 822 3440 436.
832 3392 898 3452 (0.),
917 3392 983 3438 Dirt.
993 3390 1109 3438 hxxlll.

45 3477 67 3507 c.
79 3463 103 3507 1.
140 3485 176 3496 -
193 3459 297 3508 Bucen:
317 3461 362 3507 Ea·
371 3461 481 3510 decretis
491 3462 601 3509 Nicaem'
615 3462 730 3509 Ooacs‘lri'.
750 3460 895 3518 Exemplar
901 3461 1041 3522 formatae
1054 3458 1109 3516 cpi-

43 3531 136 3585 stolac‚
157 3543 224 3589 quac
233 3531 260 3575 ia
270 3527 325 3578 Nic.
340 3543 395 3589 syn.
405 3544 424 3576 a
436 3532 537 3577 rnuctr'r
546 3531 668 3589 patribus
681 3536 723 3576 cst
728 3531 855 3594 formata
868 3533 896 3574 et
905 3524 1066 3573 collaudata.
1074 3549 1110 3561 -

43 3599 155 3644 Nomina
165 3599 191 3642 et
200 3610 283 3642 annus
293 3610 308 3642 e
317 3597 410 3646 Burclr.
420 3602 480 3644 sunt
490 3600 644 3658 permutata.

173 3706 201 3762 τ)
214 3706 304 3751 maris.
315 3721 335 3751 ι.
345 3711 377 3751 so.
388 3721 410 3751 v.
418 3711 453 3753 rr.

86 3816 120 3874 0.
144 3813 279 3884 ccccl..
324 3821 397 3888 701)
420 3817 552 3876 scilicet:
597 3816 639 3880 A.
658 3822 699 3878 Π.
712 3817 749 3878 Δ.
761 3812 803 3878 Α.
816 3819 850 3877 Ρ.
864 3816 901 3877 Δ.
919 3814 959 3889 Θ,
974 3834 1043 3893 quas
1057 3833 1111 3872 au·

45 3898 120 3959 llild.
139 3898 204 3959 Bal.
250 3904 324 3974 702)
343 3899 459 3959 Erravit
481 3902 510 3960 b.
535 3901 555 3960 l.
600 3912 666 3973 tem,
683 3922 765 3980 quum
780 3899 931 3968 evidenter
939 3897 975 3959 ad
986 3917 1111 3978 sequens

44 3996 92 4042 ant
101 3983 261 4056 llatbodns‚
275 3996 324 4044 ant
334 3984 456 4063 Regino,
472 4006 555 4065 quarn
598 3988 761 4064 pertincant
779 3997 877 4064 capnt,
902 3986 957 4044 boc
980 3984 1047 4043 loco
1067 3983 1111 4042 fa-

43 4088 150 4128 snmma
167 4068 433 4134 MCCCCXXXlX.
449 4082 556 4129 mutum
600 4072 656 4129 cile
672 4070 843 4130 omittendas
857 4089 922 4130 esse
938 4070 1109 4128 censuimus.

43 4151 143 4213 faciat.
190 4156 268 4232 703)
291 4175 389 4215 omnes
409 4154 502 4215 Codd.
527 4155 556 4214 in
643 4155 676 4215 0.
696 4154 843 4216 000001.
890 4158 963 4227 704)
984 4161 1111 4232 propter

44 4238 99 4300 fine
118 4237 228 4298 addunt
250 4239 302 4298 bas
326 4241 439 4300 literas:
460 4244 498 4302 Π.
523 4243 555 4302 Y.
600 4260 652 4301 eos
668 4244 721 4320 qui
735 4250 781 4299 c.'.·
803 4238 869 4299 add.
887 4237 992 4299 Burcb.
