2594 4898
180 311 248 383 roo
462 310 973 373 ancruoumnnnnruus.
1066 265 1075 310 ³

180 478 545 560 lamentumtcmporala,
563 482 659 543 immo
669 480 891 546 detrimentum
908 479 1100 563 spiritualea
1110 501 1242 562 quocun-

182 604 241 662 que
266 582 390 662 publice
416 594 567 662 peccante
593 581 646 644 vel
670 585 851 646 incestuoso
883 585 1031 663 accipiat,
1063 591 1100 647 ut
1127 586 1242 665 episco-

181 706 221 767 po
235 689 306 761 ⁴³⁴)
326 683 377 747 vel
395 685 545 748 ministris
557 686 631 769 ⁴³⁵)
651 686 719 748 eius
736 695 900 766 peccatum
919 685 1003 749 illius
1021 687 1172 765 reticeat,
1190 708 1244 749 nec

181 809 238 868 pro
256 793 402 866 respectu
420 789 568 866 cuiusque
585 808 740 865 personae
759 793 814 850 aut
831 788 1113 872 consanguinitatis
1132 787 1185 851 vel
1201 788 1244 850 fa-

182 888 384 967 miliaritatis,
402 887 516 952 alianis
530 890 763 952 communicans
776 891 924 968 peccatis,
942 889 1003 952 boc
1018 890 1245 973 episcop0⁴³⁶)

182 993 382 1054 innotescere
404 992 575 1069 detrectet,
602 1011 660 1054 nec
683 1012 703 1052 a
725 1010 881 1071 quoquam
902 994 1085 1070 poenitente
1108 998 1163 1054 aut
1179 1011 1247 1074 gra-

183 1090 315 1178 tiatil)
342 1099 398 1155 aut
422 1092 534 1155 lavore
564 1113 675 1155 munus
707 1093 866 1171 suscipere
895 1100 1093 1171 praesumat,
1130 1094 1247 1175 ut⁴³⁸)

183 1196 285 1258 minas
304 1194 396 1277 digne
414 1195 630 1274 poenitentem
648 1194 687 1256 ad
705 1191 998 1257 reconciliationem
1016 1193 1153 1261 adducat
1171 1195 1248 1257 etei

182 1298 399 1360 testimonium
439 1294 709 1358 reconciliationis
744 1296 828 1359 ferat
862 1303 895 1359 et
929 1317 1115 1378 quocunque
1150 1295 1249 1359 livore

183 1396 281 1463 alium
307 1397 476 1479 quemlibet
497 1397 622 1482 dignius
642 1399 857 1477 poenitentem
879 1420 899 1460 a
920 1396 1183 1461 reconciliatione
1204 1419 1249 1461 re·

184 1509 326 1579 moveat,
355 1501 428 1580 quia
453 1497 515 1564 hoc
541 1501 748 1563 simoniacum
766 1505 800 1562 et
816 1497 888 1562 Deo
916 1507 949 1563 et
975 1499 1155 1563 bominibus
1179 1521 1249 1564 con·

184 1604 314 1666 trarium
336 1608 395 1664 est.

312 1701 474 1784 Require
492 1724 567 1784 cap.
588 1700 846 1768 ccccxxll.
864 1702 973 1767 Libri
989 1700 1036 1766 ll.

49 1832 223 1988 rpffsfitc.
244 1870 393 1936 ccxvr.
440 1872 494 1937 oe
510 1872 720 1957 presbytera,
743 1880 799 1960 qur
814 1896 836 1938 a
848 1872 1003 1953 ficetum
1024 1873 1071 1938 aa
1079 1874 1250 1958 praeca„

86 1967 132 2029 ni.
156 1967 161 1978 ·
412 2000 416 2007 -
623 1983 814 2040 incitantur.

26 2123 34 2131 .
127 2088 175 2132 ²13
458 2110 565 2176 Unde
583 2134 707 2192 supra,
727 2076 976 2197 cap..XlV·¹¹)·

271 2232 314 2296 Ut
340 2229 442 2293 nullus
473 2230 750 2313 presbyterorum,
783 2232 908 2313 qnando
936 2231 977 2294 ad
1003 2233 1250 2295 anniversarium

47 2361 52 2373 ·
127 2390 133 2399 ,
187 2336 286 2412 dieur,
313 2334 587 2416 tricesim11m⁴³⁹)
615 2337 781 2414 septimum
807 2332 858 2396 vel
885 2334 1012 2396 tertium
1038 2331 1172 2398 alicuius
1200 2335 1251 2397 de·

186 2437 302 2514 functi,
330 2443 384 2498 aut
411 2457 594 2516 quacunque
619 2437 789 2499 vocatione
817 2436 858 2499 ad
884 2432 1049 2498 collectam
1075 2435 1251 2518 presbyteri

187 2540 406 2616 convenerint,
429 2559 463 2601 se
482 2537 640 2601 inebriare
663 2536 820 2602 ullatenus
838 2543 1034 2618 praesumat,
1057 2558 1115 2600 nec
1133 2538 1252 2616 precari

186 2644 219 2704 in
238 2662 345 2703 amore
369 2646 551 2702 sanctorum
572 2638 624 2702 vel
642 2642 739 2720 ipsius
757 2642 881 2703 animae
898 2639 1023 2714 bibere,
1041 2647 1095 2702 aut
1113 2637 1196 2702 alios
1215 2638 1251 2702 ad

187 2741 357 2805 bibendum
375 2762 501 2824 cogere,
519 2739 571 2804 vel
583 2746 655 2825 ⁴⁴⁰)
674 2764 708 2804 se
727 2741 831 2805 aliena
848 2742 1029 2821 precatione
1047 2742 1252 2824 ingurgitare,

188 2864 246 2906 nec
263 2841 389 2922 plausus
408 2849 440 2904 et
457 2844 538 2904 risus
557 2844 736 2907 inconditos
756 2851 788 2907 et
804 2843 929 2908 fabulas
947 2847 1059 2907 inanes
1076 2842 1122 2906 ibi
1136 2844 1252 2906 referre

189 2953 243 3008 aut
260 2954 387 3007 cantare
404 2952 598 3023 praesumat,
625 2945 678 3008 vel
700 2948 804 3026 turpia
827 2947 981 3028 iocaw)
1010 2966 1080 3008 cum
1105 2967 1182 3007 urso
1205 2942 1254 3007 vel

187 3045 408 3110 tornatricibus
418 3053 492 3108 ante
506 3068 540 3108 se
553 3046 659 3109 lacere
672 3050 844 3127 permittat,
863 3068 921 3112 nec
934 3048 1040 3110 larvas
1055 3045 1253 3123 daemonum,

189 3171 264 3229 quas
275 3146 366 3231 vulgo
375 3147 566 3211 talamascas
575 3148 693 3226 dicunt,
712 3149 921 3230 ibi⁴⁴2)ante
931 3171 966 3213 se
976 3150 1054 3235 ferri
1063 3151 1253 3227 consentiat,

191 3253 262 3329 quia
285 3249 344 3312 hoc
368 3249 558 3313 diabolicum
581 3260 629 3313 est
649 3261 680 3313 et
698 3274 715 3313 a
735 3254 833 3314 sacris
852 3251 1024 3314 canonibus
1050 3250 1253 3330 prohibitum.

190 3444 247 3492 112.
262 3441 326 3503 (B.):
344 3442 390 3489 Ea·
404 3443 507 3490 decreto
522 3440 669 3491 Alexandri
680 3444 724 3502 1³.‚
746 3444 821 3491 cuiue
839 3443 921 3490 tetrae
937 3441 1114 3502 inscriptionis
1129 3447 1254 3490 causaest

189 3526 211 3559 c.
223 3513 279 3559 213.
290 3525 368 3570 supra
378 3511 524 3571 Reginouis.
545 3539 573 3546 -
763 3568 766 3573 Ι

258 3582 285 3625 C.
305 3580 387 3626 ccvi.
422 3580 450 3640 k)
465 3581 565 3627 Hincm.
579 3580 639 3629 ibid.
655 3594 677 3628 c.
692 3583 738 3627 14:
750 3603 785 3615 -—
802 3578 895 3626 Burcb.
914 3581 944 3626 ΙΙ.
964 3580 1021 3626 161.
1041 3577 1108 3639 (le),
1127 3579 1205 3628 Decr.
1216 3581 1253 3624 Π.

190 3648 247 3693 252.
258 3647 323 3705 (B.):
344 3647 389 3691 En
408 3648 483 3694 Cone.
503 3648 613 3697 Namnet.
632 3663 654 3695 c.
669 3650 728 3706 lo.;
746 3647 812 3695 Dist.
825 3648 915 3694 xmv.
930 3661 952 3695 c.
967 3649 1000 3705 7.,
1019 3647 1085 3694 Dist.
1096 3648 1127 3694 V.
1145 3647 1176 3692 dc
1187 3660 1254 3693 conr.

190 3727 213 3761 c.
223 3714 277 3760 bb:
297 3713 342 3759 Ea·
353 3714 428 3761 Cone.
440 3714 550 3762 Nuntiet.
585 3716 689 3764 Erroris
699 3719 839 3763 auctorest
848 3714 988 3762 Burcbard.
1004 3715 1050 3774 (ci.
1060 3716 1123 3774 neg.
1134 3717 1152 3762 1.
1163 3713 1239 3771 210.)

234 3848 391 3907 dccxv.
419 3855 493 3919 434)
505 3851 697 3929 nobbrorig.
788 3850 820 3908 C.
841 3849 967 3909 ccxvi.
1004 3854 1079 3919 433)
1100 3853 1255 3927 autrepti-

190 3939 264 4005 435)
284 3937 412 3994 nostris:
430 3934 496 3993 add.
518 3934 584 3994 ibid.
624 3941 698 4008 436)
744 3956 836 3994 irruam:
864 3936 981 3993 llelmst.
1006 3933 1128 4012 Guolpb.
1152 3934 1254 3993 Viaco.

190 4019 274 4079 nobis
309 4023 358 4079 ool
394 4024 536 4080 marebais
574 4022 720 4080 nostrirr'
746 4021 806 4080 Bul.
875 4025 1052 4103 libiaco:
1090 4018 1167 4078 llild.
1197 4018 1254 4077 Bul.

190 4104 261 4164 ibid.
318 4111 391 4178 437)
417 4117 472 4164 aut
489 4109 621 4182 gruttam
650 4116 702 4164 cut
745 4112 819 4179 441)
840 4108 905 4165 ccl:
922 4104 988 4163 add.
1007 4105 1068 4163 Bal.
1114 4109 1191 4177 442)
1208 4102 1256 4162 de·

188 4187 322 4263 sororem
349 4201 403 4249 cut
427 4211 482 4249 nu:
510 4189 579 4248 ibid.
625 4195 698 4259 438)
746 4201 791 4250 cst
809 4211 854 4271 ap.
875 4190 950 4249 llild.
971 4202 999 4248 ct
1020 4190 1080 4248 bal.

192 4285 261 4334 out:
281 4275 403 4352 Guelpb.
423 4275 526 4334 Vienn.
548 4273 624 4332 llild.
639 4272 699 4334 bal.
