2594 4898
186 358 260 424 400
432 354 599 418 aroldo
617 352 749 417 ulons
768 345 1015 418 SECUNDUS.

185 532 230 594 sis
247 533 409 615 gestorum
426 547 551 608 semper
567 511 753 608 scripturam
770 525 941 606 requirant,
964 525 1063 606 adeo,
1085 533 1133 608 nt,
1151 530 1204 609 qui
1220 529 1252 593 ad

185 652 308 695 sacrum
334 631 456 694 iontem
488 629 625 708 accedit,
654 643 750 692 'suum
781 627 858 693 dare
888 648 1004 692 nomen
1036 631 1249 711 praecipiatur.

187 730 250 808 Qui
267 733 307 796 ad
329 753 484 797 summum
505 731 715 795 sacerdotium
736 728 935 811 provehitur,
962 730 1096 796 decreto
1118 733 1250 796 manibus

187 836 326 898 omnium
344 833 496 897 roborato
514 832 653 918 eligitur,
670 832 834 896 ordinatus
850 838 956 897 autem
974 844 994 896 a·
1010 834 1082 898 auis
1098 834 1250 899 ordinato·

186 937 275 1003 ribus
297 935 408 1000 literas
434 937 578 1016 accipere
603 934 742 1011 iubetur,
773 934 826 1015 qui
851 937 949 1000 etiam
975 932 1016 998 ab
1043 934 1250 1001 ecclesiastica

187 1040 342 1103 societate
373 1035 515 1118 quolibet
545 1057 681 1102 excessu
711 1037 912 1117 discinditur,
946 1035 1085 1103 libellari
1116 1041 1250 1121 scriptio·

189 1163 229 1206 ne
242 1141 293 1226 36)
312 1148 367 1204 aut
382 1141 531 1219 recipitur
547 1147 603 1204 aut
620 1139 774 1203 deiioitur.
818 1137 895 1219 Sed,
913 1141 965 1221 qni
978 1148 1173 1220 accusatur,
1198 1139 1250 1220 vel,

189 1245 241 1324 qui
258 1243 552 1307 excommunicatur
572 1263 629 1305 seu
649 1239 888 1321 reconciliatur,
914 1263 973 1322 par
994 1242 1188 1324 scripturum
1207 1265 1250 1307 ac·

188 1347 293 1411 ausari
310 1344 361 1408 vel
382 1342 582 1408 reconciliari
603 1343 823 1430 iubeturii),
837 1352 871 1408 et
891 1346 938 1408 sic
957 1346 991 1408 iu
1014 1347 1134 1410 ceteris
1156 1344 1250 1410 huius·

188 1448 324 1513 modiin
342 1453 463 1511 tantum
480 1446 634 1526 scriptura
650 1445 842 1526 deposcitur,
868 1452 918 1525 ut,
943 1447 1027 1512 sicut
1049 1445 1167 1512 beatus
1183 1446 1250 1513 (ira-

190 1551 296 1635 gorius
305 1553 336 1629 ¹)
362 1551 395 1613 in
421 1550 660 1613 commonitorio
691 1548 731 1612 ad
758 1546 934 1612 Iohannem
965 1548 1188 1631 defensorem,
1215 1569 1250 1613 ex

156 1674 160 1682 ⁴
189 1651 341 1715 Romanis
366 1649 490 1735 legibus
521 1672 662 1729 sumens,
698 1649 823 1714 scribit:
864 1642 1050 1732 Senteatra,
1086 1674 1171 1741 quae
1192 1659 1251 1719 eise

190 1761 352 1837 ceramum
363 1754 551 1836 profertur,
578 1773 636 1818 nec
653 1772 762 1816 nomen
778 1761 958 1819 sententiae
973 1752 1094 1820 habere
1110 1765 1252 1821 maer.

191 1853 407 1934 Quapropter,
433 1855 550 1918 fratres
569 1862 601 1917 et
622 1851 697 1934 filii,
724 1863 848 1934 oportet
865 1877 922 1919 vos
939 1857 1115 1921 secundum
1134 1850 1256 1922 ecclmi·¹

190 1944 321 2020 usticam
353 1940 576 2020 auctoritatem
602 1955 859 2021 reclamationem
886 1965 1024 2022 vestram
1048 1957 1156 2025 libelli
1179 1960 1252 2024 serie

191 2057 342 2143 allegare,
361 2080 504 2139 eumque,
521 2059 667 2123 manibus
684 2062 800 2122 vestris
813 2061 863 2144 38)
880 2059 1064 2124 roboratum
1077 2064 1144 2147 ³⁹),
1166 2082 1253 2145 syuo-

191 2161 232 2224 do
250 2183 359 2225 sacrae
376 2163 553 2245 porrigere,
579 2168 615 2225 ut
632 2163 857 2235 convenienter
878 2170 910 2227 ei
926 2163 1079 2226 canonice
1098 2163 1190 2228 vohis
1206 2186 1253 2226 va·

190 2262 257 2326 leat
277 2263 473 2344 responderi.
517 2263 560 2327 Et
581 2271 656 2327 tuuc
676 2264 737 2344 ipsi
757 2254 1035 2328 fratres‘libellum
1057 2266 1254 2347 conscriben-

191 2374 250 2446 tes,
269 2368 360 2446 eique
377 2386 435 2429 sua
452 2367 580 2429 nomina
597 2364 843 2444 subscribentes,
862 2375 1072 2446 porrexerunt
1086 2365 1255 2432 Hiucmaro

190 2469 351 2550 episcopo,
370 2469 423 2548 qui
438 2475 513 2532 tunc
527 2464 701 2531 Weuilone
714 2454 852 2530 Senensi
867 2466 1121 2550 archiepiscopo,
1143 2476 1177 2535 et
1192 2490 1257 2534 cun

190 2567 352 2633 Amalrico
376 2567 559 2634 'l'uroueusi
585 2591 683 2650 aeque
711 2568 962 2651 archiepiscopo,
993 2568 1052 2635 sub
1080 2571 1257 2654 praesentia

190 2671 323 2758 gloriosi
339 2674 425 2757 regis
442 2669 571 2750 Karoli,
598 2671 722 2755 synodo
740 2671 949 2753 praesidebat.

467 2925 505 2992 C.
532 2927 665 2992 XXIII.
719 2926 773 2993 De
799 2929 907 2993 ecdem
932 2951 978 2995 re.

484 3099 663 3184 ExLege
680 3097 885 3184 Romanar)
898 3104 964 3184 ⁴⁰),

270 3222 360 3317 ''l'am
387 3251 479 3317 civile
505 3240 680 3338 negotium,
716 3274 809 3334 quam
838 3250 1003 3317 orinriuale
1029 3259 1257 3323 accusationem

190 3355 346 3436 professio
364 3377 459 3419 manu
478 3357 671 3419 accusatoris
689 3357 864 3436 conscripta
881 3355 1061 3436 praecedat.

259 3820 291 3882 x)
309 3821 386 3881 (ἕης.
396 3821 450 3870 Lib.
460 3823 491 3870 11.
499 3822 547 3882 Ep.
559 3824 599 3871 5⁰.
609 3820 675 3881 (Lib.
684 3821 753 3870 x111.
761 3821 810 3881 Ep.
819 3822 869 3882 45,
884 3820 922 3868 ed.
930 3821 1037 3884 Maon).

223 3918 225 3923 ·
260 3906 288 3953 c.
306 3905 401 3953 xxm.
437 3904 466 3971 y)
477 3909 594 3966 interpr.
602 3908 631 3955 h.
641 3909 664 3952 9.
676 3903 738 3953 Cod.
748 3905 844 3953 Theod.
861 3906 1150 3971 Deacoumt.(lX.1.).

235 4069 267 4130 C.
290 4069 384 4129 XXll.
411 4071 466 4150 36)
492 4074 702 4151 rhucrr'ptz'one:
790 4075 822 4133 C.
849 4073 957 4134 XXlll.
983 4081 1043 4148 40)
1072 4080 1125 4138 Ea
1148 4081 1182 4139 L.
1207 3976 1274 4137 hd
1290 4101 1295 4135 ι

192 4157 265 4236 orig.
311 4161 364 4229 37)
384 4159 518 4216 uidetur:
541 4157 603 4216 Bal.
648 4164 700 4232 38)
747 4159 807 4218 des.
841 4160 962 4240 Guelph.
994 4161 1104 4222 Vienu.
1143 4140 1295 4257 llelnstd'u

190 4246 318 4303 nostris:
342 4241 460 4302 llelmst.
505 4247 557 4318 39)
577 4244 703 4305 robora·
746 4243 837 4305 Paris.
1279 4259 1295 4316 e,

190 4339 237 4390 tc:
262 4328 348 4389 Trcv.
368 4328 486 4388 Helnst.
1267 4367 1295 4407 -t
