2594 4898
188 343 278 411 llo
468 335 634 399 REGINO
657 334 790 396 LIBER
811 333 984 396 PRIMUS.

272 513 343 576 lut.
379 507 627 572 communicasti
644 507 686 569 de
705 501 863 569 sacrificio
880 501 1012 567 Domini
1028 501 1068 584 set
1090 523 1157 566 non
1173 507 1257 584 prius

187 626 220 681 te
238 615 419 678 abstinuisti
436 611 476 673 ab
495 612 606 672 uxoris
628 607 779 687 amplexu
805 609 941 687 quinque
963 612 1019 669 aut
1040 613 1169 686 septem
1193 607 1259 671 dio·

189 702 271 782 busl
296 715 377 778 Dies
394 714 554 796 vigintip.
573 711 604 774 d.

273 818 345 881 Ιιιι.
380 814 538 894 Operatus
569 833 604 875 es
631 810 783 891 aliquid
773 833 806 874 ιιι
833 811 994 874 dominica
1017 807 1090 873 diei
1127 808 1255 891 Septen

188 922 255 982 dies
273 920 447 999 poeniteas.

272 1021 343 1085 lnt.
379 1017 561 1082 Detraxisti
585 1013 643 1078 vel
664 1014 857 1078 maledixisti
890 1013 1029 1095 aliquem
1056 1035 1154 1078 causa
1178 1015 1254 1078 iuvi-

188 1121 277 1185 diael
313 1121 443 1200 Septem
461 1121 529 1181 dies
546 1141 577 1197 p.
598 1119 628 1180 d.
913 1104 917 1113 ⁸

272 1221 402 1305 Nunc²l
430 1222 490 1284 tibi
510 1228 583 1283 octo
609 1217 796 1298 principalia
820 1221 900 1283 vitia
925 1217 1109 1298 explicabo,
1135 1219 1170 1282 id
1197 1224 1252 1297 est,

187 1327 379 1406 superbiam,
397 1345 512 1387 vanam
530 1322 679 1406 gloriam,
697 1321 860 1401 invidiam,
877 1324 970 1400 iram,
988 1323 1162 1399 tristitiam,
1181 1343 1253 1384 ava·

187 1431 308 1506 titiam,
326 1428 446 1489 ventris
464 1423 652 1508 ingluviem,
672 1423 844 1486 luxuriam.
889 1423 941 1486 Ex
960 1422 1069 1503 quibus
1093 1424 1121 1485 si
1138 1431 1172 1486 te
1191 1421 1252 1485 cul·

186 1530 324 1609 pabilem
349 1529 566 1610 recognoscis,
593 1527 821 1605 poenitentiam
847 1527 981 1605 suscipe.
1026 1523 1111 1588 Nam
1137 1547 1183 1589 ex
1207 1523 1252 1587 his

188 1634 294 1694 omnia
315 1631 395 1691 vitia
416 1631 569 1691 oriuntur.
614 1626 684 1690 *De
711 1626 872 1706 superbia,
900 1649 979 1707 quae
1006 1629 1126 1690 initium
1155 1628 1251 1690 omnis

187 1735 307 1812 peccati
338 1739 402 1808 est,
430 1738 462 1792 et
486 1732 595 1811 regina
624 1731 762 1792 omnium
788 1728 959 1808 malorum,
987 1731 1128 1794 uescitur
1153 1732 1251 1793 omnir

187 1833 419 1909 inobedientia,
447 1833 548 1894 omnis
571 1834 764 1910 praesumtio
788 1840 822 1894 et
838 1834 940 1895 omnis
962 1833 1154 1912 pertinacia,
1182 1853 1252 1895 oon·

187 1938 362 2012 tentiones,
381 1935 545 2010 haereses,
564 1936 746 2016 arrogantia
759 1934 858 2016 ⁵⁵⁸).*
899 1931 951 1996 lle
968 1935 1135 2017 inani⁵⁵⁹)
1156 1933 1251 2019 gloria

189 2039 333 2099 oriuntur
350 2036 583 2114 inobedientia,
609 2038 778 2113 iactantia,
805 2034 1003 2116 hypocrisis,
1024 2038 1251 2115 contentiones,

187 2141 395 2218 pertinaciae,
428 2139 630 2216 discordiae,
675 2134 849 2200 novitatum
888 2140 1152 2218 praesumtiones.
1204 2135 1252 2200 De

187 2242 306 2303 invidia
332 2243 471 2303 nascitur
497 2241 618 2317 odium,
656 2241 851 2317 susurratio,
887 2240 1064 2318 detractio,
1101 2238 1251 2305 exultatio

186 2344 219 2405 in
238 2343 380 2406 adversis
397 2344 551 2421 proximi,
579 2340 709 2405 afflictio
732 2343 764 2404 in
791 2343 961 2421 prosperis.
1002 2339 1056 2404 De
1082 2343 1132 2404 ira
1149 2344 1251 2405 oriun-

186 2451 238 2506 tur
264 2447 366 2521 rixae,
394 2451 498 2506 tumor
523 2447 653 2522 mentis,
682 2442 906 2520 contumeliae,
938 2441 1073 2522 clamor,
1108 2444 1251 2528 indigna·

186 2547 255 2622 tio,
298 2545 520 2623 blasphemiae.
580 2544 633 2609 De
668 2547 796 2608 tristitia
831 2547 969 2609 nascitur
1001 2544 1144 2624 malitia,
1182 2566 1251 2608 rau·

186 2668 256 2724 cor,
292 2646 548 2725 pusillanimitas,
585 2647 780 2726 desperatio,
816 2655 940 2727 torpor,
971 2649 1099 2730 vagatio
1127 2648 1249 2711 mentis.

184 2745 236 2809 De
255 2751 390 2811 avaritia
407 2753 549 2812 oriuntur
565 2750 718 2827 proditio,
736 2750 840 2827 fraus,
858 2748 1004 2828 fallacia,
1026 2750 1184 2828 periuria,
1206 2750 1249 2811 ia·

186 2849 334 2926 quietudo
363 2855 396 2912 et
421 2857 531 2912 contra
557 2852 805 2914 misericordiam
832 2852 1010 2914 obduratio.
1054 2849 1107 2913 lle
1133 2853 1250 2915 ventris

184 2949 323 3031 ingluvie
342 2959 532 3034 propagatur
550 2953 655 3030 inepta
672 2952 810 3029 laetitia,
830 2952 1019 3031 scurrilitas,
1042 2953 1249 3030 immunditia,

184 3048 429 3131 multiloquium,
448 3052 607 3116 hebetudo
626 3077 746 3118 sensus.
778 3054 829 3117 De
848 3055 976 3118 luxuria
991 3063 1164 3137 generatur
1182 3076 1250 3117 coe-

187 3153 266 3215 citas
301 3157 430 3231 mentis,
466 3157 730 3235 inconsideratio,
765 3160 994 3236 inconstantia,
1021 3158 1250 3236 praecipitatio,

187 3275 277 3315 amor
294 3257 356 3332 sui,
387 3257 491 3319 odium
515 3257 593 3337 Dei,
626 3260 759 3322 affectus
787 3262 962 3338 praesentis
992 3258 1107 3338 seculi,
1140 3258 1251 3323 horror

184 3364 217 3420 et
234 3357 413 3438 desperatio
432 3359 540 3423 futuri

575 3497 854 3574 Allocutio·).

267 3572 354 3692 Ergo
373 3614 400 3672 si
419 3613 569 3691 superbus
586 3637 685 3694 usque
707 3618 802 3679 modo
825 3617 927 3695 fuisti,
950 3613 1082 3679 hunrilia
1100 3622 1134 3679 te
1152 3619 1249 3698 ipsum

183 3712 216 3772 in
236 3709 495 3790 conspectu'Dei.
540 3712 574 3775 Si
594 3737 705 3778 vanam
723 3717 859 3801 gloriam
875 3717 1032 3795 dilexisti,
1061 3721 1186 3800 cogita,
1212 3740 1250 3782 ne

252 3902 279 3946 C.
299 3901 401 3947 ccclv.
438 3902 464 3962 r)
475 3902 566 3949 Burch.
577 3905 647 3951 XlX.
657 3908 693 3952 u:
712 3905 757 3953 Ex
767 3907 866 3957 Poenit.
881 3909 1016 3958 Theodori

250 3967 278 4024 a)
287 3968 380 4014 Burclr.
392 3969 460 4016 x1x.
471 3972 495 4016 ¹1.

224 4123 299 4189 558)
320 4119 399 4190 Quae
418 4081 565 4180 asteriscis
580 4124 689 4183 inclusa
733 4128 877 4186 restituta.
915 4133 988 4202 559)
1010 4149 1107 4190 vona:
1128 4130 1246 4192 flat-a

182 4215 255 4274 sunt,
275 4205 303 4262 in
323 4204 451 4264 omuibus
471 4204 573 4265 desunt
588 4207 688 4281 codd,
734 4210 796 4271 Bal.

181 4288 231 4349 sed
251 4310 287 4350 ex
302 4289 468 4351 burchardo
487 4293 607 4371 aliisque
626 4306 690 4355 sunt
