<?xml version="1.0" encoding="UTF-8"?>
<!DOCTYPE html PUBLIC "-//W3C//DTD XHTML 1.0 Transitional//EN"
    "http://www.w3.org/TR/xhtml1/DTD/xhtml1-transitional.dtd">
<html xmlns="http://www.w3.org/1999/xhtml" xml:lang="en" lang="en">
 <head>
  <title>
</title>
<meta http-equiv="Content-Type" content="text/html;charset=utf-8" />
  <meta name='ocr-system' content='tesseract 3.04.00' />
  <meta name='ocr-capabilities' content='ocr_page ocr_carea ocr_par ocr_line ocrx_word'/>
</head>
<body>
  <div class='ocr_page' id='page_1' title='image "./reginonisabbati00wassgoog_0414.png"; bbox 0 0 2594 4898; ppageno 0'>
   <div class='ocr_carea' id='block_1_1' title="bbox 296 335 1122 418">
    <p class='ocr_par' dir='ltr' id='par_1_1' title="bbox 296 335 1122 418">
     <span class='ocr_line' id='line_1_1' title="bbox 296 335 1122 418; baseline 0.022 -22"><span class='ocrx_word' id='word_1_1' title='bbox 296 335 392 418; x_wconf 61' lang='lat' dir='ltr'><strong>ss&#39;Cap.</strong></span> <span class='ocrx_word' id='word_1_2' title='bbox 423 336 859 402; x_wconf 83' lang='lat' dir='ltr'><strong>ccccxvtu-ccccxxl.</strong></span> <span class='ocrx_word' id='word_1_3' title='bbox 1051 350 1122 414; x_wconf 71' lang='grc'><strong>577</strong></span> 
     </span>
    </p>
   </div>
   <div class='ocr_carea' id='block_1_2' title="bbox 10 512 1126 1804">
    <p class='ocr_par' dir='ltr' id='par_1_2' title="bbox 10 512 1126 1804">
     <span class='ocr_line' id='line_1_2' title="bbox 10 512 1124 603; baseline 0.008 -30"><span class='ocrx_word' id='word_1_4' title='bbox 10 536 15 573; x_wconf 88' lang='grc' dir='ltr'>ι</span> <span class='ocrx_word' id='word_1_5' title='bbox 60 512 184 577; x_wconf 87' lang='lat' dir='ltr'><strong>assiduo</strong></span> <span class='ocrx_word' id='word_1_6' title='bbox 204 521 439 579; x_wconf 79' lang='lat' dir='ltr'><strong>commorantur</strong></span> <span class='ocrx_word' id='word_1_7' title='bbox 454 515 507 580; x_wconf 79' lang='lat' dir='ltr'><strong>vel</strong></span> <span class='ocrx_word' id='word_1_8' title='bbox 523 519 558 582; x_wconf 92' lang='lat' dir='ltr'><strong>in</strong></span> <span class='ocrx_word' id='word_1_9' title='bbox 574 517 685 601; x_wconf 83' lang='lat' dir='ltr'><strong>sylvis,</strong></span> <span class='ocrx_word' id='word_1_10' title='bbox 708 525 742 582; x_wconf 87' lang='lat' dir='ltr'><strong>ot</strong></span> <span class='ocrx_word' id='word_1_11' title='bbox 758 518 831 582; x_wconf 86' lang='lat' dir='ltr'><strong>ideo</strong></span> <span class='ocrx_word' id='word_1_12' title='bbox 847 516 1018 603; x_wconf 69' lang='lat' dir='ltr'><strong>volum)</strong></span> <span class='ocrx_word' id='word_1_13' title='bbox 1035 539 1124 583; x_wconf 88' lang='lat' dir='ltr'><strong>moro</strong></span> 
     </span>
     <span class='ocr_line' id='line_1_3' title="bbox 10 616 1125 696; baseline 0.007 -19"><span class='ocrx_word' id='word_1_14' title='bbox 10 638 16 675; x_wconf 72' lang='lat' dir='ltr'><strong>i</strong></span> <span class='ocrx_word' id='word_1_15' title='bbox 58 616 212 696; x_wconf 84' lang='lat' dir='ltr'><strong>pecudum</strong></span> <span class='ocrx_word' id='word_1_16' title='bbox 235 618 359 696; x_wconf 82' lang='lat' dir='ltr'><strong>vivunt,</strong></span> <span class='ocrx_word' id='word_1_17' title='bbox 385 618 419 681; x_wconf 93' lang='lat' dir='ltr'><strong>in</strong></span> <span class='ocrx_word' id='word_1_18' title='bbox 441 618 606 685; x_wconf 71' lang='lat' dir='ltr'><strong>dominicis</strong></span> <span class='ocrx_word' id='word_1_19' title='bbox 629 630 663 685; x_wconf 86' lang='lat' dir='ltr'><strong>at</strong></span> <span class='ocrx_word' id='word_1_20' title='bbox 683 622 716 683; x_wconf 92' lang='lat' dir='ltr'><strong>in</strong></span> <span class='ocrx_word' id='word_1_21' title='bbox 738 618 808 684; x_wconf 90' lang='lat' dir='ltr'><strong>aliis</strong></span> <span class='ocrx_word' id='word_1_22' title='bbox 824 620 915 684; x_wconf 87' lang='lat' dir='ltr'><strong>iestis</strong></span> <span class='ocrx_word' id='word_1_23' title='bbox 933 619 1043 685; x_wconf 84' lang='lat' dir='ltr'><strong>diebus</strong></span> <span class='ocrx_word' id='word_1_24' title='bbox 1061 619 1125 685; x_wconf 92' lang='lat' dir='ltr'><strong>snl·</strong></span> 
     </span>
     <span class='ocr_line' id='line_1_4' title="bbox 10 716 1124 802; baseline 0.005 -21"><span class='ocrx_word' id='word_1_25' title='bbox 10 724 17 781; x_wconf 82' lang='lat' dir='ltr'><strong>&#39;r</strong></span> <span class='ocrx_word' id='word_1_26' title='bbox 59 725 124 783; x_wconf 87' lang='lat' dir='ltr'><strong>tem</strong></span> <span class='ocrx_word' id='word_1_27' title='bbox 146 716 197 782; x_wconf 85' lang='lat' dir='ltr'><strong>vel</strong></span> <span class='ocrx_word' id='word_1_28' title='bbox 220 718 261 782; x_wconf 87' lang='lat' dir='ltr'><strong>ad</strong></span> <span class='ocrx_word' id='word_1_29' title='bbox 282 720 411 783; x_wconf 83' lang='lat' dir='ltr'><strong>missam</strong></span> <span class='ocrx_word' id='word_1_30' title='bbox 433 720 554 785; x_wconf 83' lang='lat' dir='ltr'><strong>iaciant</strong></span> <span class='ocrx_word' id='word_1_31' title='bbox 573 720 625 785; x_wconf 85' lang='lat' dir='ltr'><strong>vel</strong></span> <span class='ocrx_word' id='word_1_32' title='bbox 645 724 828 802; x_wconf 87' lang='lat' dir='ltr'><strong>permittant</strong></span> <span class='ocrx_word' id='word_1_33' title='bbox 848 723 970 797; x_wconf 65' lang='lat' dir='ltr'><strong>venitm</strong></span> <span class='ocrx_word' id='word_1_34' title='bbox 998 744 1071 787; x_wconf 90' lang='lat' dir='ltr'><strong>nam</strong></span> <span class='ocrx_word' id='word_1_35' title='bbox 1093 732 1124 787; x_wconf 90' lang='lat' dir='ltr'><strong>et</strong></span> 
     </span>
     <span class='ocr_line' id='line_1_5' title="bbox 10 818 1124 908; baseline 0.005 -25"><span class='ocrx_word' id='word_1_36' title='bbox 10 844 17 883; x_wconf 89' lang='grc' dir='ltr'>ι</span> <span class='ocrx_word' id='word_1_37' title='bbox 59 819 118 885; x_wconf 84' lang='lat' dir='ltr'><strong>bos</strong></span> <span class='ocrx_word' id='word_1_38' title='bbox 135 818 282 885; x_wconf 87' lang='lat' dir='ltr'><strong>Christus</strong></span> <span class='ocrx_word' id='word_1_39' title='bbox 304 823 444 902; x_wconf 87' lang='lat' dir='ltr'><strong>pretioso</strong></span> <span class='ocrx_word' id='word_1_40' title='bbox 468 825 621 908; x_wconf 77' lang='lat' dir='ltr'><strong>sanguino</strong></span> <span class='ocrx_word' id='word_1_41' title='bbox 643 846 700 887; x_wconf 88' lang='lat' dir='ltr'><strong>suo</strong></span> <span class='ocrx_word' id='word_1_42' title='bbox 722 825 868 889; x_wconf 78' lang='lat' dir='ltr'><strong>redemit.</strong></span> <span class='ocrx_word' id='word_1_43' title='bbox 912 820 1007 899; x_wconf 81' lang='lat' dir='ltr'><strong>Quod</strong></span> <span class='ocrx_word' id='word_1_44' title='bbox 1023 827 1052 888; x_wconf 92' lang='lat' dir='ltr'><strong>si</strong></span> <span class='ocrx_word' id='word_1_45' title='bbox 1069 847 1124 889; x_wconf 90' lang='lat' dir='ltr'><strong>ne·</strong></span> 
     </span>
     <span class='ocr_line' id='line_1_6' title="bbox 10 920 1125 1007; baseline 0.005 -22"><span class='ocrx_word' id='word_1_46' title='bbox 10 946 17 985; x_wconf 83' lang='lat' dir='ltr'><strong>r</strong></span> <span class='ocrx_word' id='word_1_47' title='bbox 58 920 235 1007; x_wconf 79' lang='lat' dir='ltr'><strong>glexerint,</strong></span> <span class='ocrx_word' id='word_1_48' title='bbox 260 944 318 1003; x_wconf 91' lang='lat' dir='ltr'><strong>pro</strong></span> <span class='ocrx_word' id='word_1_49' title='bbox 340 925 504 989; x_wconf 77' lang='lat' dir='ltr'><strong>animabus</strong></span> <span class='ocrx_word' id='word_1_50' title='bbox 526 948 635 990; x_wconf 87' lang='lat' dir='ltr'><strong>eorum</strong></span> <span class='ocrx_word' id='word_1_51' title='bbox 659 927 776 1006; x_wconf 88' lang='lat' dir='ltr'><strong>absque</strong></span> <span class='ocrx_word' id='word_1_52' title='bbox 800 926 895 990; x_wconf 93' lang='lat' dir='ltr'><strong>dubio</strong></span> <span class='ocrx_word' id='word_1_53' title='bbox 917 928 1073 990; x_wconf 89' lang='lat' dir='ltr'><strong>rationem</strong></span> <span class='ocrx_word' id='word_1_54' title='bbox 1090 948 1125 991; x_wconf 91' lang='lat' dir='ltr'><strong>sc</strong></span> 
     </span>
     <span class='ocr_line' id='line_1_7' title="bbox 10 1025 1125 1115; baseline 0.004 -29"><span class='ocrx_word' id='word_1_55' title='bbox 10 1045 21 1087; x_wconf 72' lang='lat' dir='ltr'><strong>r</strong></span> <span class='ocrx_word' id='word_1_56' title='bbox 58 1025 239 1115; x_wconf 80' lang='lat' dir='ltr'><strong>reddituros</strong></span> <span class='ocrx_word' id='word_1_57' title='bbox 269 1027 382 1090; x_wconf 82' lang='lat' dir='ltr'><strong>sciant.</strong></span> <span class='ocrx_word' id='word_1_58' title='bbox 443 1026 602 1108; x_wconf 86' lang='lat' dir='ltr'><strong>Siquidem</strong></span> <span class='ocrx_word' id='word_1_59' title='bbox 634 1027 790 1092; x_wconf 85' lang='lat' dir='ltr'><strong>Dominus</strong></span> <span class='ocrx_word' id='word_1_60' title='bbox 819 1030 950 1093; x_wconf 90' lang='lat' dir='ltr'><strong>veniens</strong></span> <span class='ocrx_word' id='word_1_61' title='bbox 981 1029 1012 1090; x_wconf 85' lang='lat' dir='ltr'><strong>ln</strong></span> <span class='ocrx_word' id='word_1_62' title='bbox 1043 1025 1125 1091; x_wconf 88' lang='lat' dir='ltr'><strong>bunc</strong></span> 
     </span>
     <span class='ocr_line' id='line_1_8' title="bbox 10 1126 1125 1213; baseline 0.005 -25"><span class='ocrx_word' id='word_1_63' title='bbox 10 1150 14 1187; x_wconf 84' lang='grc' dir='ltr'>ι</span> <span class='ocrx_word' id='word_1_64' title='bbox 59 1126 210 1191; x_wconf 87' lang='lat' dir='ltr'><strong>mundum</strong></span> <span class='ocrx_word' id='word_1_65' title='bbox 228 1149 291 1191; x_wconf 92' lang='lat' dir='ltr'><strong>non</strong></span> <span class='ocrx_word' id='word_1_66' title='bbox 309 1126 405 1213; x_wconf 78' lang='lat' dir='ltr'><strong>elegit</strong></span> <span class='ocrx_word' id='word_1_67' title='bbox 422 1136 566 1193; x_wconf 88' lang='lat' dir='ltr'><strong>oratores</strong></span> <span class='ocrx_word' id='word_1_68' title='bbox 584 1139 678 1211; x_wconf 87' lang='lat' dir='ltr'><strong>atque</strong></span> <span class='ocrx_word' id='word_1_69' title='bbox 696 1130 867 1195; x_wconf 83' lang='lat' dir='ltr'><strong>nobiliores</strong></span> <span class='ocrx_word' id='word_1_70' title='bbox 885 1151 1039 1211; x_wconf 84' lang='lat' dir='ltr'><strong>quosque,</strong></span> <span class='ocrx_word' id='word_1_71' title='bbox 1068 1130 1125 1194; x_wconf 90' lang='lat' dir='ltr'><strong>sed</strong></span> 
     </span>
     <span class='ocr_line' id='line_1_9' title="bbox 58 1224 1125 1314; baseline 0.003 -22"><span class='ocrx_word' id='word_1_72' title='bbox 58 1224 232 1309; x_wconf 77' lang='lat' dir='ltr'><strong>piscatores</strong></span> <span class='ocrx_word' id='word_1_73' title='bbox 250 1238 344 1310; x_wconf 87' lang='lat' dir='ltr'><strong>atque</strong></span> <span class='ocrx_word' id='word_1_74' title='bbox 361 1231 477 1294; x_wconf 83' lang='lat' dir='ltr'><strong>idiotas</strong></span> <span class='ocrx_word' id='word_1_75' title='bbox 494 1231 554 1295; x_wconf 90' lang='lat' dir='ltr'><strong>sibi</strong></span> <span class='ocrx_word' id='word_1_76' title='bbox 572 1231 741 1314; x_wconf 88' lang='lat' dir='ltr'><strong>discipulos</strong></span> <span class='ocrx_word' id='word_1_77' title='bbox 759 1232 903 1312; x_wconf 76' lang='lat' dir='ltr'><strong>adscivit,</strong></span> <span class='ocrx_word' id='word_1_78' title='bbox 927 1240 961 1296; x_wconf 90' lang='lat' dir='ltr'><strong>ut</strong></span> <span class='ocrx_word' id='word_1_79' title='bbox 977 1232 1125 1297; x_wconf 87' lang='lat' dir='ltr'><strong>ostende-</strong></span> 
     </span>
     <span class='ocr_line' id='line_1_10' title="bbox 58 1330 1124 1418; baseline 0.001 -23"><span class='ocrx_word' id='word_1_80' title='bbox 58 1339 110 1395; x_wconf 86' lang='lat' dir='ltr'><strong>ret</strong></span> <span class='ocrx_word' id='word_1_81' title='bbox 130 1333 165 1395; x_wconf 87' lang='lat' dir='ltr'><strong>in</strong></span> <span class='ocrx_word' id='word_1_82' title='bbox 186 1331 288 1411; x_wconf 80' lang='lat' dir='ltr'><strong>facto,</strong></span> <span class='ocrx_word' id='word_1_83' title='bbox 318 1333 400 1413; x_wconf 88' lang='lat' dir='ltr'><strong>quod</strong></span> <span class='ocrx_word' id='word_1_84' title='bbox 422 1335 490 1413; x_wconf 88' lang='lat' dir='ltr'><strong>ipse</strong></span> <span class='ocrx_word' id='word_1_85' title='bbox 512 1334 703 1418; x_wconf 74' lang='lat' dir='ltr'><strong>verbis³⁶³)</strong></span> <span class='ocrx_word' id='word_1_86' title='bbox 726 1337 759 1398; x_wconf 92' lang='lat' dir='ltr'><strong>in</strong></span> <span class='ocrx_word' id='word_1_87' title='bbox 780 1332 946 1418; x_wconf 83' lang='lat' dir='ltr'><strong>evangelio</strong></span> <span class='ocrx_word' id='word_1_88' title='bbox 973 1330 1124 1412; x_wconf 83' lang='lat' dir='ltr'><strong>allinunt,</strong></span> 
     </span>
     <span class='ocr_line' id='line_1_11' title="bbox 60 1431 1126 1517; baseline 0.003 -21"><span class='ocrx_word' id='word_1_89' title='bbox 60 1432 188 1497; x_wconf 81' lang='lat' dir='ltr'><strong>dicens:</strong></span> <span class='ocrx_word' id='word_1_90' title='bbox 238 1431 331 1508; x_wconf 74' lang='lat' dir='ltr'><strong>duod</strong></span> <span class='ocrx_word' id='word_1_91' title='bbox 357 1434 537 1511; x_wconf 62' lang='lat' dir='ltr'><strong>‚menduc</strong></span> <span class='ocrx_word' id='word_1_92' title='bbox 575 1446 626 1500; x_wconf 81' lang='lat' dir='ltr'><strong>ert</strong></span> <span class='ocrx_word' id='word_1_93' title='bbox 667 1439 787 1517; x_wconf 80' lang='lat' dir='ltr'><strong>altum,</strong></span> <span class='ocrx_word' id='word_1_94' title='bbox 831 1433 1039 1501; x_wconf 68' lang='lat' dir='ltr'><strong>abominabile</strong></span> <span class='ocrx_word' id='word_1_95' title='bbox 1076 1445 1126 1500; x_wconf 79' lang='lat' dir='ltr'><strong>est</strong></span> 
     </span>
     <span class='ocr_line' id='line_1_12' title="bbox 59 1534 1125 1623; baseline 0.002 -24"><span class='ocrx_word' id='word_1_96' title='bbox 59 1536 150 1620; x_wconf 73' lang='lat' dir='ltr'><strong>apud</strong></span> <span class='ocrx_word' id='word_1_97' title='bbox 168 1534 345 1600; x_wconf 71' lang='lat' dir='ltr'><strong>Dominum.</strong></span> <span class='ocrx_word' id='word_1_98' title='bbox 387 1537 445 1616; x_wconf 85' lang='lat' dir='ltr'><strong>Et,</strong></span> <span class='ocrx_word' id='word_1_99' title='bbox 475 1535 564 1600; x_wconf 87' lang='lat' dir='ltr'><strong>salva</strong></span> <span class='ocrx_word' id='word_1_100' title='bbox 589 1537 702 1602; x_wconf 82' lang='lat' dir='ltr'><strong>altiore</strong></span> <span class='ocrx_word' id='word_1_101' title='bbox 728 1536 950 1623; x_wconf 78' lang='lat' dir='ltr'><strong>intelligentia,</strong></span> <span class='ocrx_word' id='word_1_102' title='bbox 977 1539 1125 1601; x_wconf 83' lang='lat' dir='ltr'><strong>nativitas</strong></span> 
     </span>
     <span class='ocr_line' id='line_1_13' title="bbox 58 1636 1125 1723; baseline -0.002 -21"><span class='ocrx_word' id='word_1_103' title='bbox 58 1640 164 1702; x_wconf 88' lang='lat' dir='ltr'><strong>nostri</strong></span> <span class='ocrx_word' id='word_1_104' title='bbox 196 1638 384 1703; x_wconf 87' lang='lat' dir='ltr'><strong>redemtoris</strong></span> <span class='ocrx_word' id='word_1_105' title='bbox 414 1641 515 1719; x_wconf 91' lang='lat' dir='ltr'><strong>primo</strong></span> <span class='ocrx_word' id='word_1_106' title='bbox 549 1641 687 1703; x_wconf 90' lang='lat' dir='ltr'><strong>omnium</strong></span> <span class='ocrx_word' id='word_1_107' title='bbox 720 1641 899 1721; x_wconf 78' lang='lat' dir='ltr'><strong>pastoribus</strong></span> <span class='ocrx_word' id='word_1_108' title='bbox 933 1642 974 1705; x_wconf 84' lang='lat' dir='ltr'><strong>ab</strong></span> <span class='ocrx_word' id='word_1_109' title='bbox 1010 1636 1125 1723; x_wconf 78' lang='lat' dir='ltr'><strong>angelo</strong></span> 
     </span>
     <span class='ocr_line' id='line_1_14' title="bbox 56 1741 236 1804; baseline 0 -1"><span class='ocrx_word' id='word_1_110' title='bbox 56 1741 236 1804; x_wconf 81' lang='lat' dir='ltr'><strong>nunciatur.</strong></span> 
     </span>
    </p>
   </div>
   <div class='ocr_carea' id='block_1_3' title="bbox 92 1994 1239 2089">
    <p class='ocr_par' dir='ltr' id='par_1_3' title="bbox 92 1994 1239 2089">
     <span class='ocr_line' id='line_1_15' title="bbox 92 1994 1239 2089; baseline 0.004 -28"><span class='ocrx_word' id='word_1_111' title='bbox 92 1995 130 2061; x_wconf 86' lang='lat' dir='ltr'><strong>C.</strong></span> <span class='ocrx_word' id='word_1_112' title='bbox 150 1994 363 2064; x_wconf 67' lang='lat' dir='ltr'><strong>ccccxxi</strong></span> <span class='ocrx_word' id='word_1_113' title='bbox 410 1998 496 2075; x_wconf 71' lang='lat' dir='ltr'><strong>Quid</strong></span> <span class='ocrx_word' id='word_1_114' title='bbox 509 1997 694 2086; x_wconf 69' lang='lat' dir='ltr'><strong>presbytera·</strong></span> <span class='ocrx_word' id='word_1_115' title='bbox 712 2025 811 2089; x_wconf 76' lang='lat' dir='ltr'><strong>cgere</strong></span> <span class='ocrx_word' id='word_1_116' title='bbox 832 2002 970 2070; x_wconf 73' lang='lat' dir='ltr'><strong>debeam</strong></span> <span class='ocrx_word' id='word_1_117' title='bbox 990 2001 1098 2068; x_wconf 72' lang='lat' dir='ltr'><strong>diebus</strong></span> <span class='ocrx_word' id='word_1_118' title='bbox 1137 2014 1239 2060; x_wconf 62' lang='grc'><strong>1611·</strong></span> 
     </span>
    </p>
   </div>
   <div class='ocr_carea' id='block_1_4' title="bbox 508 2104 756 2169">
    <p class='ocr_par' dir='ltr' id='par_1_4' title="bbox 508 2104 756 2169">
     <span class='ocr_line' id='line_1_16' title="bbox 508 2104 756 2169; baseline 0.008 -2"><span class='ocrx_word' id='word_1_119' title='bbox 508 2104 682 2169; x_wconf 71' lang='lat' dir='ltr'><strong>dominissi-</strong></span> <span class='ocrx_word' id='word_1_120' title='bbox 754 2120 756 2125; x_wconf 75' lang='grc'>’</span> 
     </span>
    </p>
   </div>
   <div class='ocr_carea' id='block_1_5' title="bbox 308 2255 879 2361">
    <p class='ocr_par' dir='ltr' id='par_1_5' title="bbox 308 2255 879 2361">
     <span class='ocr_line' id='line_1_17' title="bbox 308 2255 879 2361; baseline 0 -41"><span class='ocrx_word' id='word_1_121' title='bbox 308 2257 365 2361; x_wconf 66' lang='lat' dir='ltr'><strong>dlx</strong></span> <span class='ocrx_word' id='word_1_122' title='bbox 391 2255 566 2321; x_wconf 86' lang='lat' dir='ltr'><strong>Concilio</strong></span> <span class='ocrx_word' id='word_1_123' title='bbox 592 2255 879 2342; x_wconf 80' lang='lat' dir='ltr'><strong>Nannetensi0).</strong></span> 
     </span>
    </p>
   </div>
   <div class='ocr_carea' id='block_1_6' title="bbox 15 2392 1211 3601">
    <p class='ocr_par' dir='ltr' id='par_1_6' title="bbox 57 2392 1211 3294">
     <span class='ocr_line' id='line_1_18' title="bbox 146 2392 1127 2477; baseline -0.001 -18"><span class='ocrx_word' id='word_1_124' title='bbox 146 2395 191 2459; x_wconf 90' lang='lat' dir='ltr'><strong>Ut</strong></span> <span class='ocrx_word' id='word_1_125' title='bbox 211 2395 376 2459; x_wconf 83' lang='lat' dir='ltr'><strong>dominicis</strong></span> <span class='ocrx_word' id='word_1_126' title='bbox 402 2392 453 2458; x_wconf 88' lang='lat' dir='ltr'><strong>vel</strong></span> <span class='ocrx_word' id='word_1_127' title='bbox 479 2394 570 2456; x_wconf 84' lang='lat' dir='ltr'><strong>lestis</strong></span> <span class='ocrx_word' id='word_1_128' title='bbox 596 2392 705 2457; x_wconf 91' lang='lat' dir='ltr'><strong>diebus</strong></span> <span class='ocrx_word' id='word_1_129' title='bbox 730 2394 926 2477; x_wconf 83' lang='lat' dir='ltr'><strong>presbyteri,</strong></span> <span class='ocrx_word' id='word_1_130' title='bbox 958 2403 1127 2475; x_wconf 88' lang='lat' dir='ltr'><strong>antequam</strong></span> 
     </span>
     <span class='ocr_line' id='line_1_19' title="bbox 57 2494 1128 2579; baseline -0.003 -16"><span class='ocrx_word' id='word_1_131' title='bbox 57 2500 175 2563; x_wconf 85' lang='lat' dir='ltr'><strong>missas</strong></span> <span class='ocrx_word' id='word_1_132' title='bbox 192 2496 369 2574; x_wconf 85' lang='lat' dir='ltr'><strong>celebrant,</strong></span> <span class='ocrx_word' id='word_1_133' title='bbox 394 2494 518 2576; x_wconf 91' lang='lat' dir='ltr'><strong>plebem</strong></span> <span class='ocrx_word' id='word_1_134' title='bbox 536 2497 748 2579; x_wconf 82' lang='lat' dir='ltr'><strong>interrogent,</strong></span> <span class='ocrx_word' id='word_1_135' title='bbox 771 2498 798 2559; x_wconf 92' lang='lat' dir='ltr'><strong>si</strong></span> <span class='ocrx_word' id='word_1_136' title='bbox 816 2495 946 2560; x_wconf 86' lang='lat' dir='ltr'><strong>alterius</strong></span> <span class='ocrx_word' id='word_1_137' title='bbox 963 2496 1128 2577; x_wconf 87' lang='lat' dir='ltr'><strong>parocbia-</strong></span> 
     </span>
     <span class='ocr_line' id='line_1_20' title="bbox 58 2590 1211 2682; baseline -0.003 -18"><span class='ocrx_word' id='word_1_138' title='bbox 58 2621 121 2664; x_wconf 89' lang='lat' dir='ltr'><strong>nns</strong></span> <span class='ocrx_word' id='word_1_139' title='bbox 137 2600 171 2663; x_wconf 91' lang='lat' dir='ltr'><strong>in</strong></span> <span class='ocrx_word' id='word_1_140' title='bbox 188 2596 323 2662; x_wconf 88' lang='lat' dir='ltr'><strong>ecclesia</strong></span> <span class='ocrx_word' id='word_1_141' title='bbox 344 2600 401 2678; x_wconf 92' lang='lat' dir='ltr'><strong>sit,</strong></span> <span class='ocrx_word' id='word_1_142' title='bbox 429 2601 496 2679; x_wconf 89' lang='lat' dir='ltr'><strong>qni,</strong></span> <span class='ocrx_word' id='word_1_143' title='bbox 523 2599 649 2678; x_wconf 89' lang='lat' dir='ltr'><strong>proprio</strong></span> <span class='ocrx_word' id='word_1_144' title='bbox 673 2605 833 2664; x_wconf 85' lang='lat' dir='ltr'><strong>contemto</strong></span> <span class='ocrx_word' id='word_1_145' title='bbox 855 2598 1057 2682; x_wconf 86' lang='lat' dir='ltr'><strong>presbytero,</strong></span> <span class='ocrx_word' id='word_1_146' title='bbox 1084 2598 1128 2663; x_wconf 90' lang='lat' dir='ltr'><strong>ibi</strong></span> <span class='ocrx_word' id='word_1_147' title='bbox 1208 2590 1211 2597; x_wconf 50' lang='lat'><strong>¹</strong></span> 
     </span>
     <span class='ocr_line' id='line_1_21' title="bbox 59 2698 1129 2781; baseline -0.003 -15"><span class='ocrx_word' id='word_1_148' title='bbox 59 2704 189 2766; x_wconf 75' lang='lat' dir='ltr'><strong>irrisam</strong></span> <span class='ocrx_word' id='word_1_149' title='bbox 206 2700 283 2765; x_wconf 86' lang='lat' dir='ltr'><strong>velit</strong></span> <span class='ocrx_word' id='word_1_150' title='bbox 301 2701 419 2764; x_wconf 88' lang='lat' dir='ltr'><strong>audire.</strong></span> <span class='ocrx_word' id='word_1_151' title='bbox 465 2698 568 2774; x_wconf 80' lang='lat' dir='ltr'><strong>Quem</strong></span> <span class='ocrx_word' id='word_1_152' title='bbox 587 2703 614 2764; x_wconf 88' lang='lat' dir='ltr'><strong>si</strong></span> <span class='ocrx_word' id='word_1_153' title='bbox 632 2702 821 2781; x_wconf 87' lang='lat' dir='ltr'><strong>invenerint,</strong></span> <span class='ocrx_word' id='word_1_154' title='bbox 843 2704 951 2765; x_wconf 86' lang='lat' dir='ltr'><strong>statim</strong></span> <span class='ocrx_word' id='word_1_155' title='bbox 970 2702 1010 2764; x_wconf 94' lang='lat' dir='ltr'><strong>ab</strong></span> <span class='ocrx_word' id='word_1_156' title='bbox 1028 2698 1129 2765; x_wconf 90' lang='lat' dir='ltr'><strong>eccle·</strong></span> 
     </span>
     <span class='ocr_line' id='line_1_22' title="bbox 60 2800 1127 2885; baseline -0.003 -17"><span class='ocrx_word' id='word_1_157' title='bbox 60 2804 111 2868; x_wconf 87' lang='lat' dir='ltr'><strong>sia</strong></span> <span class='ocrx_word' id='word_1_158' title='bbox 127 2805 270 2883; x_wconf 89' lang='lat' dir='ltr'><strong>eiiciant,</strong></span> <span class='ocrx_word' id='word_1_159' title='bbox 297 2803 387 2866; x_wconf 87' lang='lat' dir='ltr'><strong>etad</strong></span> <span class='ocrx_word' id='word_1_160' title='bbox 405 2824 495 2866; x_wconf 87' lang='lat' dir='ltr'><strong>suam</strong></span> <span class='ocrx_word' id='word_1_161' title='bbox 512 2803 693 2884; x_wconf 86' lang='lat' dir='ltr'><strong>parochiam</strong></span> <span class='ocrx_word' id='word_1_162' title='bbox 710 2804 814 2868; x_wconf 87' lang='lat' dir='ltr'><strong>redire</strong></span> <span class='ocrx_word' id='word_1_163' title='bbox 832 2802 1032 2885; x_wconf 89' lang='lat' dir='ltr'><strong>compellant.</strong></span> <span class='ocrx_word' id='word_1_164' title='bbox 1076 2800 1127 2866; x_wconf 78' lang='lat' dir='ltr'><strong>si-</strong></span> 
     </span>
     <span class='ocr_line' id='line_1_23' title="bbox 60 2904 1126 2988; baseline -0.002 -18"><span class='ocrx_word' id='word_1_165' title='bbox 60 2905 178 2970; x_wconf 84' lang='lat' dir='ltr'><strong>militer</strong></span> <span class='ocrx_word' id='word_1_166' title='bbox 193 2907 403 2988; x_wconf 83' lang='lat' dir='ltr'><strong>intorrogont,</strong></span> <span class='ocrx_word' id='word_1_167' title='bbox 427 2906 453 2968; x_wconf 88' lang='lat' dir='ltr'><strong>si</strong></span> <span class='ocrx_word' id='word_1_168' title='bbox 471 2904 568 2986; x_wconf 87' lang='lat' dir='ltr'><strong>aliqui</strong></span> <span class='ocrx_word' id='word_1_169' title='bbox 586 2906 802 2970; x_wconf 86' lang='lat' dir='ltr'><strong>discordantes</strong></span> <span class='ocrx_word' id='word_1_170' title='bbox 820 2909 898 2986; x_wconf 88' lang='lat' dir='ltr'><strong>sint,</strong></span> <span class='ocrx_word' id='word_1_171' title='bbox 922 2909 976 2987; x_wconf 89' lang='lat' dir='ltr'><strong>qui</strong></span> <span class='ocrx_word' id='word_1_172' title='bbox 991 2909 1075 2971; x_wconf 85' lang='lat' dir='ltr'><strong>inter</strong></span> <span class='ocrx_word' id='word_1_173' title='bbox 1092 2928 1126 2969; x_wconf 91' lang='lat' dir='ltr'><strong>se</strong></span> 
     </span>
     <span class='ocr_line' id='line_1_24' title="bbox 59 3004 1128 3088; baseline 0 -17"><span class='ocrx_word' id='word_1_174' title='bbox 59 3008 151 3072; x_wconf 89' lang='lat' dir='ltr'><strong>litem</strong></span> <span class='ocrx_word' id='word_1_175' title='bbox 172 3004 401 3088; x_wconf 87' lang='lat' dir='ltr'><strong>implacabilem</strong></span> <span class='ocrx_word' id='word_1_176' title='bbox 423 3005 577 3088; x_wconf 90' lang='lat' dir='ltr'><strong>babeant,</strong></span> <span class='ocrx_word' id='word_1_177' title='bbox 605 3017 648 3088; x_wconf 88' lang='lat' dir='ltr'><strong>et,</strong></span> <span class='ocrx_word' id='word_1_178' title='bbox 670 3011 698 3072; x_wconf 91' lang='lat' dir='ltr'><strong>si</strong></span> <span class='ocrx_word' id='word_1_179' title='bbox 719 3011 841 3074; x_wconf 88' lang='lat' dir='ltr'><strong>inventi</strong></span> <span class='ocrx_word' id='word_1_180' title='bbox 861 3009 993 3088; x_wconf 85' lang='lat' dir='ltr'><strong>fuerint,</strong></span> <span class='ocrx_word' id='word_1_181' title='bbox 1019 3009 1128 3071; x_wconf 84' lang='lat' dir='ltr'><strong>statim</strong></span> 
     </span>
     <span class='ocr_line' id='line_1_25' title="bbox 59 3105 1127 3192; baseline -0.001 -19"><span class='ocrx_word' id='word_1_182' title='bbox 59 3106 315 3174; x_wconf 82' lang='lat' dir='ltr'><strong>reconcilientur.</strong></span> <span class='ocrx_word' id='word_1_183' title='bbox 360 3105 482 3184; x_wconf 80' lang='lat' dir='ltr'><strong>Quodsi</strong></span> <span class='ocrx_word' id='word_1_184' title='bbox 499 3112 663 3174; x_wconf 91' lang='lat' dir='ltr'><strong>renuerint</strong></span> <span class='ocrx_word' id='word_1_185' title='bbox 674 3113 747 3191; x_wconf 78' lang='lat'><strong>²⁶⁴)</strong></span> <span class='ocrx_word' id='word_1_186' title='bbox 764 3131 874 3192; x_wconf 86' lang='lat' dir='ltr'><strong>paoem</strong></span> <span class='ocrx_word' id='word_1_187' title='bbox 890 3113 1063 3190; x_wconf 85' lang='lat' dir='ltr'><strong>suscipere,</strong></span> <span class='ocrx_word' id='word_1_188' title='bbox 1086 3109 1127 3173; x_wconf 84' lang='lat' dir='ltr'><strong>ab</strong></span> 
     </span>
     <span class='ocr_line' id='line_1_26' title="bbox 61 3209 1128 3294; baseline -0.004 -18"><span class='ocrx_word' id='word_1_189' title='bbox 61 3209 198 3276; x_wconf 83' lang='lat' dir='ltr'><strong>ecclesia</strong></span> <span class='ocrx_word' id='word_1_190' title='bbox 224 3213 404 3292; x_wconf 87' lang='lat' dir='ltr'><strong>eiiciantur,</strong></span> <span class='ocrx_word' id='word_1_191' title='bbox 430 3233 530 3291; x_wconf 86' lang='lat' dir='ltr'><strong>usque</strong></span> <span class='ocrx_word' id='word_1_192' title='bbox 557 3232 617 3290; x_wconf 87' lang='lat' dir='ltr'><strong>quo</strong></span> <span class='ocrx_word' id='word_1_193' title='bbox 630 3212 702 3294; x_wconf 70' lang='grc'><strong>165)</strong></span> <span class='ocrx_word' id='word_1_194' title='bbox 729 3211 770 3274; x_wconf 92' lang='lat' dir='ltr'><strong>ad</strong></span> <span class='ocrx_word' id='word_1_195' title='bbox 795 3214 959 3275; x_wconf 85' lang='lat' dir='ltr'><strong>caritatem</strong></span> <span class='ocrx_word' id='word_1_196' title='bbox 985 3210 1128 3273; x_wconf 86' lang='lat' dir='ltr'><strong>redeant.</strong></span> 
     </span>
    </p>

    <p class='ocr_par' dir='ltr' id='par_1_7' title="bbox 15 3309 1128 3601">
     <span class='ocr_line' id='line_1_27' title="bbox 15 3309 1127 3394; baseline -0.003 -17"><span class='ocrx_word' id='word_1_197' title='bbox 15 3310 22 3315; x_wconf 72' lang='grc'><em>’</em></span> <span class='ocrx_word' id='word_1_198' title='bbox 60 3311 138 3378; x_wconf 91' lang='lat' dir='ltr'><strong>Non</strong></span> <span class='ocrx_word' id='word_1_199' title='bbox 156 3315 239 3376; x_wconf 91' lang='lat' dir='ltr'><strong>enim</strong></span> <span class='ocrx_word' id='word_1_200' title='bbox 255 3318 420 3394; x_wconf 86' lang='lat' dir='ltr'><strong>possumus</strong></span> <span class='ocrx_word' id='word_1_201' title='bbox 438 3335 550 3376; x_wconf 82' lang='lat' dir='ltr'><strong>rannus</strong></span> <span class='ocrx_word' id='word_1_202' title='bbox 568 3313 620 3376; x_wconf 89' lang='lat' dir='ltr'><strong>vel</strong></span> <span class='ocrx_word' id='word_1_203' title='bbox 638 3310 832 3377; x_wconf 84' lang='lat' dir='ltr'><strong>oblationem</strong></span> <span class='ocrx_word' id='word_1_204' title='bbox 855 3311 894 3374; x_wconf 90' lang='lat' dir='ltr'><strong>nd</strong></span> <span class='ocrx_word' id='word_1_205' title='bbox 913 3309 1014 3374; x_wconf 83' lang='lat' dir='ltr'><strong>altare</strong></span> <span class='ocrx_word' id='word_1_206' title='bbox 1032 3312 1127 3374; x_wconf 79' lang='lat' dir='ltr'><strong>offer·</strong></span> 
     </span>
     <span class='ocr_line' id='line_1_28' title="bbox 60 3398 1128 3495; baseline -0.004 -16"><span class='ocrx_word' id='word_1_207' title='bbox 60 3436 113 3493; x_wconf 90' lang='lat' dir='ltr'><strong>re,</strong></span> <span class='ocrx_word' id='word_1_208' title='bbox 138 3416 239 3478; x_wconf 90' lang='lat' dir='ltr'><strong>donec</strong></span> <span class='ocrx_word' id='word_1_209' title='bbox 255 3417 340 3495; x_wconf 89' lang='lat' dir='ltr'><strong>prius</strong></span> <span class='ocrx_word' id='word_1_210' title='bbox 356 3415 448 3479; x_wconf 86' lang='lat' dir='ltr'><strong>fratri</strong></span> <span class='ocrx_word' id='word_1_211' title='bbox 466 3413 714 3479; x_wconf 87' lang='lat' dir='ltr'><strong>reconciliemur.</strong></span> <span class='ocrx_word' id='word_1_212' title='bbox 758 3398 818 3476; x_wconf 85' lang='lat' dir='ltr'><strong>His</strong></span> <span class='ocrx_word' id='word_1_213' title='bbox 836 3414 882 3476; x_wconf 89' lang='lat' dir='ltr'><strong>ita</strong></span> <span class='ocrx_word' id='word_1_214' title='bbox 898 3413 1049 3493; x_wconf 87' lang='lat' dir='ltr'><strong>peractis,</strong></span> <span class='ocrx_word' id='word_1_215' title='bbox 1078 3432 1128 3475; x_wconf 88' lang='lat' dir='ltr'><strong>sa·</strong></span> 
     </span>
     <span class='ocr_line' id='line_1_29' title="bbox 62 3503 815 3601; baseline -0.003 -21"><span class='ocrx_word' id='word_1_216' title='bbox 62 3517 207 3581; x_wconf 83' lang='lat' dir='ltr'><strong>cerdotes</strong></span> <span class='ocrx_word' id='word_1_217' title='bbox 224 3503 389 3581; x_wconf 78' lang='lat' dir='ltr'><strong>missarum</strong></span> <span class='ocrx_word' id='word_1_218' title='bbox 407 3515 559 3581; x_wconf 87' lang='lat' dir='ltr'><strong>solemnia</strong></span> <span class='ocrx_word' id='word_1_219' title='bbox 576 3519 636 3580; x_wconf 89' lang='lat' dir='ltr'><strong>rite</strong></span> <span class='ocrx_word' id='word_1_220' title='bbox 653 3523 815 3601; x_wconf 82' lang='lat' dir='ltr'><strong>peragant.</strong></span> 
     </span>
    </p>
   </div>
   <div class='ocr_carea' id='block_1_7' title="bbox 62 3696 276 3711">
    <p class='ocr_par' dir='ltr' id='par_1_8' title="bbox 62 3696 276 3711">
     <span class='ocr_line' id='line_1_30' title="bbox 62 3696 276 3711; baseline 0.005 -2"><span class='ocrx_word' id='word_1_221' title='bbox 62 3696 276 3711; x_wconf 58' lang='lat'><strong>—0—-4—1·</strong></span> 
     </span>
    </p>
   </div>
   <div class='ocr_carea' id='block_1_8' title="bbox 62 3776 1204 4011">
    <p class='ocr_par' dir='ltr' id='par_1_9' title="bbox 62 3776 1204 4011">
     <span class='ocr_line' id='line_1_31' title="bbox 132 3776 1204 3873; baseline 0.005 -17"><span class='ocrx_word' id='word_1_222' title='bbox 132 3813 159 3856; x_wconf 84' lang='lat' dir='ltr'><strong>c.</strong></span> <span class='ocrx_word' id='word_1_223' title='bbox 177 3813 330 3861; x_wconf 81' lang='lat' dir='ltr'><strong>ccccxxl.</strong></span> <span class='ocrx_word' id='word_1_224' title='bbox 365 3813 392 3873; x_wconf 93' lang='grc' dir='ltr'><strong>ο)</strong></span> <span class='ocrx_word' id='word_1_225' title='bbox 411 3814 487 3869; x_wconf 84' lang='lat' dir='ltr'><strong>c.1.‚</strong></span> <span class='ocrx_word' id='word_1_226' title='bbox 502 3812 533 3860; x_wconf 80' lang='lat' dir='ltr'><strong>de</strong></span> <span class='ocrx_word' id='word_1_227' title='bbox 547 3776 616 3860; x_wconf 79' lang='lat' dir='ltr'><strong>duno</strong></span> <span class='ocrx_word' id='word_1_228' title='bbox 629 3813 663 3860; x_wconf 86' lang='lat' dir='ltr'><strong>ct.</strong></span> <span class='ocrx_word' id='word_1_229' title='bbox 677 3825 756 3873; x_wconf 81' lang='lat' dir='ltr'><strong>supra</strong></span> <span class='ocrx_word' id='word_1_230' title='bbox 770 3811 802 3859; x_wconf 84' lang='lat' dir='ltr'><strong>sd</strong></span> <span class='ocrx_word' id='word_1_231' title='bbox 815 3813 844 3860; x_wconf 84' lang='lat' dir='ltr'><strong>b.</strong></span> <span class='ocrx_word' id='word_1_232' title='bbox 853 3813 872 3861; x_wconf 89' lang='grc'><strong>1.</strong></span> <span class='ocrx_word' id='word_1_233' title='bbox 884 3811 912 3861; x_wconf 86' lang='lat' dir='ltr'><strong>C.</strong></span> <span class='ocrx_word' id='word_1_234' title='bbox 921 3798 972 3858; x_wconf 68' lang='lat' dir='ltr'><strong>cv.</strong></span> <span class='ocrx_word' id='word_1_235' title='bbox 986 3816 1039 3861; x_wconf 77' lang='lat' dir='ltr'><strong>not.</strong></span> <span class='ocrx_word' id='word_1_236' title='bbox 1049 3812 1084 3873; x_wconf 90' lang='lat' dir='ltr'><strong>b).</strong></span> <span class='ocrx_word' id='word_1_237' title='bbox 1094 3810 1128 3848; x_wconf 85' lang='lat'><strong>-&#39;-</strong></span> <span class='ocrx_word' id='word_1_238' title='bbox 1203 3791 1204 3794; x_wconf 8' lang='grc' dir='ltr'><strong>Ἴ</strong></span> 
     </span>
     <span class='ocr_line' id='line_1_32' title="bbox 64 3870 1127 3946; baseline 0.002 -21"><span class='ocrx_word' id='word_1_239' title='bbox 64 3875 456 3944; x_wconf 68' lang='lat' dir='ltr'><strong>noren.1con(tc),necr.1n</strong></span> <span class='ocrx_word' id='word_1_240' title='bbox 468 3877 602 3946; x_wconf 81' lang='lat' dir='ltr'><strong>122.(s.):</strong></span> <span class='ocrx_word' id='word_1_241' title='bbox 622 3878 667 3928; x_wconf 59' lang='lat' dir='ltr'><strong>ns</strong></span> <span class='ocrx_word' id='word_1_242' title='bbox 678 3880 1010 3931; x_wconf 53' lang='lat' dir='ltr'><strong>casaromaniana</strong></span> <span class='ocrx_word' id='word_1_243' title='bbox 1026 3870 1127 3943; x_wconf 73' lang='lat' dir='ltr'><strong>(conoe</strong></span> 
     </span>
     <span class='ocr_line' id='line_1_33' title="bbox 62 3948 1083 4011; baseline 0.006 -18"><span class='ocrx_word' id='word_1_244' title='bbox 62 3961 171 3997; x_wconf 82' lang='lat' dir='ltr'><strong>numero</strong></span> <span class='ocrx_word' id='word_1_245' title='bbox 180 3950 214 3996; x_wconf 78' lang='lat' dir='ltr'><strong>ci.</strong></span> <span class='ocrx_word' id='word_1_246' title='bbox 223 3949 348 4010; x_wconf 80' lang='lat' dir='ltr'><strong>Beitriige</strong></span> <span class='ocrx_word' id='word_1_247' title='bbox 357 3964 381 4010; x_wconf 93' lang='lat' dir='ltr'><strong>p.</strong></span> <span class='ocrx_word' id='word_1_248' title='bbox 392 3949 456 4011; x_wconf 68' lang='grc'><strong>26),</strong></span> <span class='ocrx_word' id='word_1_249' title='bbox 468 3951 496 3996; x_wconf 83' lang='lat' dir='ltr'><strong>C.</strong></span> <span class='ocrx_word' id='word_1_250' title='bbox 505 3949 550 3998; x_wconf 86' lang='lat' dir='ltr'><strong>lX.</strong></span> <span class='ocrx_word' id='word_1_251' title='bbox 559 3963 583 4008; x_wconf 84' lang='lat' dir='ltr'><strong>q.</strong></span> <span class='ocrx_word' id='word_1_252' title='bbox 593 3951 617 3997; x_wconf 75' lang='lat'><strong>2.</strong></span> <span class='ocrx_word' id='word_1_253' title='bbox 627 3962 650 3998; x_wconf 77' lang='lat' dir='ltr'><strong>e.</strong></span> <span class='ocrx_word' id='word_1_254' title='bbox 659 3950 698 3997; x_wconf 64' lang='lat' dir='ltr'><strong>b:</strong></span> <span class='ocrx_word' id='word_1_255' title='bbox 717 3948 762 3997; x_wconf 74' lang='lat' dir='ltr'><strong>Ex</strong></span> <span class='ocrx_word' id='word_1_256' title='bbox 773 3949 848 3998; x_wconf 78' lang='lat' dir='ltr'><strong>Cone.</strong></span> <span class='ocrx_word' id='word_1_257' title='bbox 859 3949 1083 4001; x_wconf 67' lang='lat' dir='ltr'><strong>Nanneiorum.</strong></span> 
     </span>
    </p>
   </div>
   <div class='ocr_carea' id='block_1_9' title="bbox 63 4131 1129 4382">
    <p class='ocr_par' dir='ltr' id='par_1_10' title="bbox 63 4131 1129 4382">
     <span class='ocr_line' id='line_1_34' title="bbox 106 4131 1129 4207; baseline 0 -14"><span class='ocrx_word' id='word_1_258' title='bbox 106 4131 141 4195; x_wconf 78' lang='lat' dir='ltr'><strong>U.</strong></span> <span class='ocrx_word' id='word_1_259' title='bbox 174 4134 339 4195; x_wconf 81' lang='lat' dir='ltr'>CCCCXX.</span> <span class='ocrx_word' id='word_1_260' title='bbox 378 4140 456 4207; x_wconf 77' lang='lat'>762)</span> <span class='ocrx_word' id='word_1_261' title='bbox 493 4133 576 4194; x_wconf 83' lang='lat' dir='ltr'><strong>deest</strong></span> <span class='ocrx_word' id='word_1_262' title='bbox 663 4135 694 4193; x_wconf 85' lang='lat' dir='ltr'><strong>C.</strong></span> <span class='ocrx_word' id='word_1_263' title='bbox 723 4133 902 4199; x_wconf 77' lang='lat' dir='ltr'><strong>ccccxxi.</strong></span> <span class='ocrx_word' id='word_1_264' title='bbox 930 4139 1004 4205; x_wconf 78' lang='lat'><strong>764)</strong></span> <span class='ocrx_word' id='word_1_265' title='bbox 1026 4137 1129 4194; x_wconf 82' lang='lat' dir='ltr'><strong>nolue-</strong></span> 
     </span>
     <span class='ocr_line' id='line_1_35' title="bbox 63 4216 1127 4297; baseline 0 -20"><span class='ocrx_word' id='word_1_266' title='bbox 63 4219 125 4280; x_wconf 85' lang='lat' dir='ltr'><strong>Bal.</strong></span> <span class='ocrx_word' id='word_1_267' title='bbox 188 4225 267 4290; x_wconf 87' lang='grc'>763)</span> <span class='ocrx_word' id='word_1_268' title='bbox 308 4221 416 4281; x_wconf 81' lang='lat' dir='ltr'><strong>verbo:</strong></span> <span class='ocrx_word' id='word_1_269' title='bbox 458 4220 575 4283; x_wconf 87' lang='lat' dir='ltr'><strong>llolmst.</strong></span> <span class='ocrx_word' id='word_1_270' title='bbox 619 4219 838 4297; x_wconf 73' lang='lat' dir='ltr'><strong>rebre-Gnelph.</strong></span> <span class='ocrx_word' id='word_1_271' title='bbox 853 4216 1035 4279; x_wconf 77' lang='lat' dir='ltr'><strong>Viennllal.</strong></span> <span class='ocrx_word' id='word_1_272' title='bbox 1054 4219 1127 4277; x_wconf 87' lang='lat' dir='ltr'><strong>Coll.</strong></span> 
     </span>
     <span class='ocr_line' id='line_1_36' title="bbox 65 4303 1086 4382; baseline -0.001 -20"><span class='ocrx_word' id='word_1_273' title='bbox 65 4303 125 4364; x_wconf 85' lang='lat' dir='ltr'><strong>Bal.</strong></span> <span class='ocrx_word' id='word_1_274' title='bbox 619 4305 699 4373; x_wconf 65' lang='lat' dir='ltr'><strong>cite,</strong></span> <span class='ocrx_word' id='word_1_275' title='bbox 725 4308 799 4376; x_wconf 75' lang='grc'>766)</span> <span class='ocrx_word' id='word_1_276' title='bbox 819 4306 985 4382; x_wconf 70' lang='lat' dir='ltr'><strong>quousque:</strong></span> <span class='ocrx_word' id='word_1_277' title='bbox 1000 4303 1086 4362; x_wconf 73' lang='lat' dir='ltr'><strong>Tros.</strong></span> 
     </span>
    </p>
   </div>
   <div class='ocr_carea' id='block_1_10' title="bbox 0 0 1312 4898">
    <p class='ocr_par' dir='ltr' id='par_1_11' title="bbox 0 0 1312 4898">
     <span class='ocr_line' id='line_1_37' title="bbox 0 0 1312 4898; baseline 0 0"><span class='ocrx_word' id='word_1_278' title='bbox 0 0 1312 4898; x_wconf 95' lang='lat' dir='ltr'><strong> </strong></span> 
     </span>
    </p>
   </div>
  </div>
 </body>
</html>
