2594 4898
220 1258 494 1347 mmm
536 1260 929 1360 PRIMUS¹).

63 1458 230 1540 Notitia,
257 1462 342 1541 quid
365 1465 565 1544 episcopus
587 1461 647 1526 vel
670 1465 751 1527 eius
774 1465 944 1527 ministri
964 1465 1003 1527 in
1021 1484 1088 1527 sua

63 1563 206 1644 synodo
238 1563 446 1648 diligenter
476 1566 667 1645 inquirere
698 1565 861 1628 debeant
878 1586 956 1646 por
985 1567 1088 1629 vicos
1187 1648 1191 1653 η

83 1663 256 1745 publicos
284 1667 364 1729 sive
391 1665 505 1730 villas
533 1676 644 1747 atque
664 1667 866 1747 parochias
892 1670 1067 1749 propriae

451 1768 641 1833 dioecesis
655 1773 698 1852 ²).

126 1985 157 2042 1.
202 1939 355 2060 Inprimis
374 1981 593 2061 inquirendum
611 1987 675 2060 est,
702 1984 735 2044 in
754 1984 841 2046 cuius
863 1985 965 2046 sancti
986 1981 1109 2049 honore

53 2098 227 2153 consecrata
249 2093 292 2154 sit
311 2091 461 2169 basilica,
488 2091 540 2154 vel
559 2116 577 2155 a
595 2115 655 2173 quo
673 2094 769 2156 fuerit
792 2102 987 2157 consecrata.
1031 2093 1111 2158 Post

54 2188 121 2255 haec
149 2195 218 2273 ipsa
249 2192 384 2257 ecclesia
414 2196 695 2274 circumspiciatur,
731 2197 759 2257 si
785 2196 866 2258 bene
891 2198 935 2258 sit
960 2203 1111 2275 cooperta

10 2222 25 2357 l
55 2300 135 2372 atque
158 2303 332 2373 camerata,
360 2305 392 2359 et
414 2317 454 2357 ne
476 2295 521 2357 ibi
543 2295 707 2359 columbae
730 2294 783 2359 vel
805 2294 888 2359 aliae
910 2318 986 2361 aves
1005 2294 1111 2360 nidifi-

56 2403 116 2458 cent
139 2404 270 2476 proptor
295 2398 525 2460 immunditiam
542 2399 692 2460 stercoris
715 2397 784 2459 sive
799 2398 1045 2476 importunitatis
1062 2399 1110 2459 in·

57 2497 278 2573 quietudineml

128 2605 158 2662 2.
208 2597 281 2674 Quo
297 2597 427 2663 metallo
444 2601 508 2664 sint
525 2603 617 2686 signa
635 2602 731 2681 ipsius
751 2598 923 2663 ecclesiae?

17 2752 23 2759 .
129 2705 159 2763 3.
205 2701 241 2764 Si
266 2697 414 2782 foenumq
446 2724 574 2766 annona
599 2711 655 2766 aut
680 2702 746 2766 tale
772 2698 889 2782 aliquid
914 2703 948 2765 iu
975 2701 1110 2766 ecclesia

58 2802 201 2865 mittatur?

12 2950 16 2985 r
127 2912 159 2967 4.
204 2902 330 2975 Deinde
349 2904 390 2968 ad
407 2904 509 2970 altare
527 2907 679 2970 accedere
697 2914 822 2987 oportet
840 2913 873 2970 et
891 2905 1110 2986 contemplari,

14 3000 17 3005 ’
60 3004 150 3082 qualia
167 3009 232 3071 sint
256 3008 440 3073 indumenta
465 3011 550 3089 eius,
579 3016 657 3089 quot
682 3030 767 3073 nova
785 3017 818 3073 et
835 3016 910 3089 quot
930 3015 1056 3072 vetusta
1078 3014 1112 3070 ct

59 3107 177 3184 qualiter
194 3109 312 3172 nitidat

58 3233 256 3249 2——

91 3305 119 3369 1)
138 3298 201 3356 lloc
219 3299 286 3358 loco
305 3319 416 3373 omnes,
435 3312 555 3380 practer
598 3303 728 3360 nosterr'r‘
744 3321 782 3358 ea
800 3298 1110 3360 diuersorumraneto·

58 3376 143 3454 lrev„
176 3381 268 3441 codd.
288 3396 455 3462 sequentem
474 3386 555 3445 exhi·
597 3404 662 3444 rum
675 3394 795 3462 patrum
814 3386 950 3442 concilriir
963 3383 1110 3441 erucae-

58 3460 114 3524 lent
146 3468 277 3540 titulum,
327 3489 410 3547 quem
449 3482 553 3542 minen,
599 3471 840 3528 trillomonorum
849 3464 1024 3544 Pontfflcunr
1032 3458 1111 3541 seli-

14 3612 18 3621 ,
58 3567 131 3626 qm
144 3563 213 3630 post
233 3552 409 3631 lleginoncm
428 3553 554 3615 additum
598 3557 675 3612 citer
691 3555 721 3611 in
741 3554 801 3611 Dei
815 3553 941 3610 nomine.
976 3551 1086 3609 Amen.

13 3654 21 3749 Ι
58 3639 556 3708 esseconstetincontextuomitton·
642 3643 674 3711 2)
696 3638 745 3697 Sic
764 3654 862 3695 omncs
881 3632 972 3695 coll.
987 3668 1030 3681 -
1048 3632 1109 3693 Bal.

14 3756 20 3767 ·
58 3715 109 3778 lum
127 3724 306 3781 censuimus:
343 3727 455 3802 Incipit
470 3726 556 3784 libel·
598 3723 750 3801 paullulum
786 3723 958 3782 immutavit:
1001 3722 1112 3797 Incipit

14 3860 19 3895 Ι
58 3802 91 3865 lus
109 3807 145 3864 dc
163 3809 375 3869 ecclesiasticis
391 3812 556 3888 dr'scrplimi
599 3810 752 3886 inquisitio
772 3808 808 3867 ce
826 3809 881 3878 Iris,
900 3824 977 3884 qnae
995 3807 1109 3882 epsico-

14 3904 19 3949 ἒ
57 3893 249 3970 οηείίςιόηο
277 3894 462 3966 Clrr'ctiono,
494 3897 555 3953 col·
593 3913 653 3970 pus
679 3893 729 3951 vel
753 3894 816 3950 crica
845 3892 977 3951 mancini
999 3892 1030 3949 in
1056 3906 1110 3948 m

15 3990 20 4049 ζ
57 3972 427 4041 comemmorans
449 3989 557 4038 metro·
602 3976 740 4038 districtu
759 3978 810 4036 ccl
830 3978 985 4036 territorio
1013 3975 1111 4052 inqui·

15 4054 25 4167 'f
53 4061 176 4132 pemani
198 4060 351 4125 Ilotlclodr‘
380 4064 556 4135 berenicae
599 4080 669 4123 mo
686 4062 817 4123 debcant
827 4080 887 4140 por
903 4064 998 4132 orcos,
1011 4077 1112 4137 pagos

16 4174 22 4211 ι
57 4145 126 4205 aba
143 4149 279 4225 episcopi
294 4168 312 4207 o
326 4150 480 4227 Ilegr‘srone
504 4148 557 4209 at-
601 4157 690 4226 otque
723 4148 888 4226 parochias
921 4166 994 4206 snae
1029 4145 1111 4234 ulica

17 4300 20 4307 ¹
57 4225 113 4288 late
131 4233 279 4310 quondam
296 4235 476 4294 Prumr'ensr's
495 4254 556 4293 mo·
600 4250 690 4296 ceses.

880 4317 939 4378 ‚2¹²

18 4394 27 4429 l
