2594 4898
1196 172 1198 177 ·
1283 37 1293 332 l

181 344 255 409 sas
430 301 1012 403 unctuosruunsscuunus

183 511 362 590 didicimus,
385 531 429 574 ex
447 507 503 572 tali
521 510 666 595 coniugio
683 506 829 572 sobolem
847 528 910 571 non
927 528 1026 587 posse
1044 529 1247 587 succrescere,

181 615 266 678 unde
283 633 413 677 necesse
430 620 491 690 est,
508 620 544 675 ut
559 613 624 673 iarn
641 618 752 691 quarta
769 607 822 673 rel
839 617 933 673 sexta
941 612 973 694 ²)
991 614 1164 694 generatio
1177 608 1246 675 fide·

181 715 259 780 linm
282 714 414 779 licenter
440 714 501 777 sibi
527 714 614 797 iungi
639 712 765 777 debeat.
807 708 891 775 Nam
917 714 951 775 in
977 711 1139 791 secunda,
1165 734 1247 792 quan

181 817 411 899 praediximus,
429 816 558 879 omnino
578 814 673 878 debet
690 814 843 878 abstineri
855 818 898 897 ³).
944 811 1070 877 Verum
1086 821 1163 895 post
1177 812 1246 877 mul·

182 928 249 983 tum
267 920 418 998 temporis
435 938 456 980 a
472 914 578 980 Felice
596 914 768 981 Messanae
780 917 810 999 ⁴)
832 914 964 979 Siciliae
983 915 1137 996 praesule
1156 917 1246 997 requi·

183 1023 278 1098 situs,
300 1028 406 1083 utrum
423 1018 600 1103 Augustino
618 1020 794 1097 scripserit,
820 1025 857 1080 nt
874 1014 1052 1107 Anglorurn
1070 1024 1186 1098 quarta
1199 1038 1246 1101 ga·

77 1186 81 1193 ,
183 1124 349 1185 neratione
368 1128 532 1185 contracta
548 1120 749 1185 matrimonia
765 1119 894 1183 ruinirne
910 1116 1129 1198 solverentur,
1146 1116 1247 1183 barnil-

182 1220 276 1286 limus
300 1230 391 1303 pater
412 1220 583 1305 Gregorius
609 1225 693 1286 inter
720 1227 826 1285 cetera
848 1218 946 1283 talem
968 1220 1059 1285 dedit
1083 1222 1246 1285 rationem:

141 1372 144 1377 .
183 1322 278 1398 Quod
296 1325 409 1405 scripsi
426 1321 604 1407 Augustino
621 1321 796 1407 Anglorum
814 1325 918 1405 gentis
936 1324 1105 1403 episcopo,
1129 1320 1246 1387 alumno

181 1424 330 1489 uidelicet
346 1434 418 1504 tuo,
444 1432 480 1489 ut
495 1424 688 1503 recordaris,
716 1424 757 1487 de
773 1424 995 1508 sanguinitatis
1009 1429 1038 1501 5)
1057 1424 1247 1489 coniunctio-

181 1548 240 1607 ne,
266 1529 327 1608 ipsi
345 1533 378 1590 et
394 1525 567 1611 Anglorum
590 1528 694 1612 genti,
721 1546 802 1606 quaa
819 1547 918 1606 nuper
935 1524 976 1589 ad
991 1522 1095 1589 fidem
1113 1530 1246 1603 venum

182 1650 223 1693 ne
240 1651 261 1692 a
276 1628 375 1707 bono,
397 1628 481 1710 quod
499 1636 658 1708 coeperat,
679 1627 849 1693 metuendo
869 1630 1055 1707 austeriora,
1078 1616 1247 1705 mudum
1284 1602 1293 1739 Ι

182 1728 365 1810 specialiter
383 1736 415 1793 et
432 1752 495 1795 non
513 1728 705 1814 generaliter
721 1752 772 1793 me
789 1731 952 1809 scripsisse
970 1750 1161 1813 cognoscas.
1188 1726 1248 1793 Us-

183 1831 223 1893 de
241 1838 273 1894 et
289 1830 367 1893 mibi
384 1833 485 1893 omnis
502 1828 647 1894 Romana
664 1832 775 1895 civitas
793 1834 884 1895 testis
901 1832 1037 1895 exsistit.
1075 1829 1151 1895 Nec
1166 1834 1198 1895 iu
1214 1850 1249 1895 ea

182 1932 359 1999 intentione
382 1930 461 1995 baec
482 1930 547 1995 illis
569 1934 681 2013 scripsi
701 1933 868 2013 mandata,
894 1940 944 2013 ut,
969 1940 1144 2021 postquam
1163 1930 1249 1997 lirina

181 2032 291 2097 radice
307 2033 340 2096 in
357 2030 422 2096 fide
439 2031 568 2098 solidati
584 2034 717 2114 fuerint,
744 2036 773 2097 si
789 2034 1047 2116 infrapropriam
1066 2034 1249 2121 consagui-
1291 2058 1293 2137 p

181 2137 315 2198 nitatem
332 2135 454 2199 inventi
471 2136 604 2216 luerint,
630 2157 698 2202 non
711 2144 913 2217 separentur,
940 2144 995 2200 aut
1011 2136 1099 2201 infra
1116 2134 1251 2201 affinita-
1290 2190 1293 2253 p

181 2238 225 2299 tis
242 2234 374 2317 lineam,
401 2237 432 2301 id
452 2245 516 2316 est,
542 2260 640 2321 usqua
658 2238 699 2301 ad
716 2241 884 2319 septimam
904 2240 1161 2322 generationem,
1187 2240 1251 2303 ius·
1291 2260 1293 2277 ¹

181 2346 311 2420 gantur,
341 2339 397 2402 sed
421 2338 523 2403 adbuc
544 2338 617 2403 illos
642 2339 819 2423 neophytos
846 2342 1038 2420 existentes,
1064 2343 1251 2422 saepissime
1291 2390 1293 2401 .

183 2459 240 2503 cos
260 2441 347 2519 prins
367 2438 481 2504 illicita
503 2441 633 2521 docere,
664 2448 699 2505 et
718 2440 825 2505 verbis
846 2464 884 2506 ac
905 2440 1061 2522 exemplis
1084 2444 1252 2523 iustruere,
1290 2478 1293 2587 4

182 2548 227 2619 et,
249 2561 331 2620 qnae
352 2548 425 2620 post
445 2542 485 2605 de
505 2540 621 2607 talibus
644 2544 782 2626 egerint,
807 2542 1041 2608 rationabiliter
1062 2551 1100 2609 et
1116 2542 1254 2611 fideliter

183 2641 358 2705 excludere
376 2651 512 2722 oportet.
548 2642 630 2706 Nam
648 2646 740 2708 iuxta
756 2644 956 2725 Apostolum,
974 2646 1028 2726 qui
1045 2646 1162 2733 ait†):
1184 2646 1253 2713 Le
1291 2652 1293 2711 l

181 2742 374 2821 subdiderit,
396 2746 500 2827 noni)
519 2766 638 2822 escon,
660 2748 722 2809 ista
738 2744 801 2810 illis
819 2749 931 2825 modo,
960 2768 1025 2811 uon
1041 2750 1201 2829 posteris,
1221 2754 1254 2813 rt
1291 2728 1293 2745 Ι

181 2841 362 2923 praefixum
379 2850 444 2921 est,
470 2845 661 2925 temporibus
680 2848 816 2910 tenenda
837 2848 1036 2926 indulsimus,
1064 2850 1251 2931 nabornam,

183 2943 266 3023 quod
284 2942 410 3006 infirma
427 2944 530 3008 adbuc
546 2946 653 3009 radice
669 2947 845 3028 plantatum
862 2955 946 3025 erat,
970 2960 1177 3027 exureretur,
1200 2952 1251 3017 rell

183 3042 378 3127 aliquantum
394 3043 588 3126 firmaretur,
611 3054 644 3111 et
660 3070 759 3129 usqne
777 3050 815 3112 ad
833 3050 1059 3129 perfectionem
1080 3054 1250 3119 custodire·

182 3152 245 3208 tur.
287 3143 378 3225 Haec
396 3169 472 3233 ergo
491 3147 649 3213 Iohannes
667 3150 785 3213 idcirco
803 3152 1043 3234 perstringenda
1066 3158 1195 3237 curari,
1218 3160 1250 3221 nt

179 3244 230 3326 bi,
258 3249 309 3328 qui
333 3251 500 3313 occasione
523 3271 625 3313 novae
649 3250 891 3331 dispensationis
914 3249 1026 3316 illicita
1047 3258 1247 3321 matrimonia

182 3348 385 3429 contrahunt,
416 3352 658 3415 eruditissimum
683 3354 787 3419 virum
813 3375 877 3417 nou
902 3352 1097 3437 regulariter
1123 3366 1246 3440 quamne

180 3452 394 3533 generationis
416 3451 561 3533 copulam
582 3456 759 3532 consuisse,
785 3457 883 3519 immo
904 3454 1076 3523 venialiter
1097 3458 1245 3541 simulque
1277 3412 1293 3499 l*

180 3550 400 3631 temporaliter
415 3556 597 3633 penuisisse
614 3565 816 3640 cognoscant.
1128 3602 1132 3607 -
1275 3547 1282 3651 Ι

183 3712 396 3729 .....,,
1271 3704 1281 3943 4

284 3803 314 3862 τ)
328 3808 349 3851 t.
364 3805 416 3850 cnr.
429 3818 450 3851 c.
463 3808 485 3851 8.
498 3818 520 3851 c.
534 3809 554 3851 2

223 3944 257 4004 G.
284 3944 321 4004 ll.
349 3949 385 4017 2)
414 3947 457 4005 sic
484 3967 559 4005 omn.
587 3946 690 4025 codd,
734 3953 1025 4029 consangumitate.-
1062 3955 1141 4035 orig.
1176 3953 1242 4015 col.

181 4038 289 4105 quarta
312 4038 346 4087 et
368 4031 488 4106 parieta:
516 4030 588 4091 Coll.
617 4035 689 4106 citt,
734 4035 807 4107 citt,
825 4038 996 4113 congesturi.-
1019 4036 1103 4097 Grut.
1148 4044 1181 4116 6)
1198 4040 1242 4097 de·

181 4114 271 4169 tertio
307 4120 339 4169 ct
370 4123 495 4190 quarto.-
530 4116 603 4193 orig.
657 4121 689 4195 3)
733 4119 911 4180 demorare.-
930 4119 1001 4191 liat,
1021 4125 1145 4186 tireno.-
1162 4122 1240 4191 llild,
1277 4158 1281 4231 Ι

180 4214 246 4253 urm
270 4230 309 4242 -
334 4197 494 4259 olsnnerr':
526 4196 586 4258 des.
615 4202 688 4260 Coll.
733 4205 804 4261 dedi
815 4204 1015 4282 uolripotunr,
1033 4225 1095 4267 aon
1110 4229 1156 4269 e..·
1173 4208 1239 4285 orig.

179 4280 242 4337 citt.
286 4285 318 4353 4)
341 4282 497 4343 Mesenae.-
526 4283 610 4344 codd.
655 4290 688 4364 5)
733 4287 807 4345 Coll.
827 4289 889 4346 citt.
1272 4288 1282 4403 Ι
