2594 4898
54 1190 319 1283 nummu
371 1134 794 1284 unianimo
847 1200 1110 1292 opums
1236 1221 1246 1237 ·

266 1363 891 1480 snosnoununls*).

470 1627 683 1639 uu——ffl

27 1900 31 1905 ,
66 1778 198 1892 Sanctae
215 1825 440 1914 Moguntiacae
458 1830 544 1894 sedis
569 1828 708 1911 praesuli
734 1853 773 1896 ac
797 1836 895 1898 totius
919 1833 1109 1899 Germaniae

66 1938 187 2021 primati,
224 1939 405 2022 Huttlccnc',
436 1940 558 2025 Regino
585 1939 724 2006 Vestrae
745 1943 946 2009 sublimitatis
973 1946 1110 2010 devotis-

66 2037 141 2105 siuns
155 2041 360 2122 ‘clientulus,
400 2045 576 2124 praesentis
606 2046 692 2108 vitae
727 2049 968 2127 prosperitatem
998 2054 1032 2111 et
1061 2048 1109 2111 fu-

65 2142 134 2204 turae
158 2142 363 2206 beatitudinis
398 2151 470 2208 orat
503 2144 650 2229 gloriam.
694 2143 825 2227 Sciens,
860 2147 1110 2234 magnitudinem

25 2234 29 2271 ³
64 2243 227 2316 prudentiae
252 2244 392 2308 Vestrae
417 2266 481 2308 non
507 2246 610 2310 solum
640 2250 732 2310 iuxta
762 2270 926 2312 sacrorum
953 2270 1109 2313 canonum

25 2342 36 2389 l
64 2347 224 2408 motiones
249 2348 347 2409 totius
373 2349 555 2426 provinciae
577 2347 822 2411 sollicitudinem
843 2370 969 2431 gerere,
1000 2369 1109 2413 verum

63 2445 139 2508 etiam
155 2449 252 2510 totius
270 2449 360 2531 regni
376 2446 566 2512 utilitatibus
584 2450 729 2532 pervigili
749 2471 824 2512 cura
843 2450 1010 2528 insudare,
1037 2450 1109 2511 misi

62 2537 180 2610 Vestrae
201 2546 379 2611 celsitudini
400 2546 558 2637 libellum,
586 2573 679 2631 quem
702 2549 741 2612 de
768 2547 976 2632 synodalibus
1003 2548 1107 2612 causis

62 2647 323 2730 ecclesiasticisque
351 2650 522 2731 disciplinis
549 2654 637 2715 iussu
659 2660 692 2716 et
712 2651 839 2715 hortatu
860 2648 990 2714 Domini
1008 2656 1041 2713 et
1056 2670 1108 2714 re-

61 2752 259 2814 verendissimi
275 2749 420 2815 Rutbodc'
439 2751 681 2832 archicpiscopi,
712 2774 834 2816 summo
853 2774 923 2815 cum
940 2752 1044 2815 studio
1063 2772 1108 2816 ex

60 2846 174 2915 dirersis
195 2860 377 2915 sanctorum
397 2859 523 2933 patrum
546 2851 686 2916 conciliis
709 2862 804 2934 atque
830 2855 965 2916 decretis
992 2850 1108 2936 collegi

59 2957 133 3032 atque
145 2953 339 3033 coadunavi,
361 2975 426 3016 non
439 2959 559 3016 temere
573 2953 762 3034 arbitratus,
786 2962 841 3018 aut
854 2956 993 3017 omnium
1010 2952 1108 3016 libro-

57 3069 110 3118 rum
139 3057 264 3136 copiam
285 3053 412 3118 ¹Vestris
440 3058 584 3118 mmariis
615 3057 742 3135 deesse,
774 3063 830 3119 aut
858 3052 969 3119 Vestri
1000 3052 1108 3117 excel·

57 3147 135 3219 lentis
169 3158 290 3242 ingenii
323 3156 523 3236 prudentiam
558 3159 722 3237 quicquam
755 3155 878 3235 latere,
914 3157 967 3236 qui
1000 3154 1107 3219 locum

47 3249 178 3323 'vestm
195 3256 376 3321 celsitudini
392 3256 524 3322 caelitus
542 3261 740 3321 commissum
759 3258 912 3340 dignitate
931 3254 1107 3319 nobilitatis

55 3355 169 3424 famosis
195 3361 372 3439 praeconiis
399 3356 575 3438 extollitis,
608 3360 662 3439 qui
686 3364 793 3420 tantus
819 3360 853 3418 in
879 3359 965 3419 omni
989 3374 1106 3437 genere

33 3484 36 3489 ·
55 3457 257 3542 philosophiae
276 3463 364 3540 estis,
386 3466 422 3523 ut
438 3460 526 3547 solus
543 3460 636 3524 nobis
653 3457 900 3537 repraesentetis
916 3454 978 3519 bac
995 3454 1106 3516 decre·

55 3562 108 3637 pita
131 3570 245 3626 aetate
260 3563 388 3646 ingenia
412 3554 688 3642 pbilosophorum,
720 3558 760 3621 de
783 3557 892 3638 quibus
914 3552 970 3619 illa
991 3553 1105 3620 sollcrs

55 3657 155 3728 latialis
174 3665 345 3743 antiquitas
366 3661 502 3747 gloriata
520 3670 579 3726 est.
624 3661 689 3725 Sed
706 3663 778 3741 quia
794 3657 913 3723 Vestra
931 3659 1105 3739 sapientiae

36 3794 39 3799 ·
56 3768 275 3844 supereminens
298 3763 454 3828 celsitudo
475 3767 510 3826 in
531 3763 732 3842 dispormndis
754 3762 850 3825 rebus
871 3758 1003 3840 publicis
1026 3761 1106 3823 assi·

58 3861 102 3928 lue
120 3873 280 3945 versatum,
303 3866 450 3930 fortassis
473 3885 642 3928 onerosum
659 3863 795 3941 videtur,
817 3869 854 3925 ut
869 3861 1005 3942 plurima
1031 3882 1105 3925 con·

40 3963 180 4033 ¹tiliorum
197 3966 359 4032 volumina
376 3988 500 4047 semper
508 3963 683 4028 Vobiscum
698 3964 794 4048 longe
810 3963 938 4044 lateque
956 3963 1105 4026 deleran-

59 4067 104 4146 lur,
116 4068 338 4134 idcirco'hunc
354 4065 535 4134 manualem
552 4064 732 4131 codicillum
744 4062 882 4130 Vestrae
899 4065 1106 4130 dominationi

61 4206 251 4228 ἥδ...-

46 4328 48 4337 .
110 4292 131 4354 “)
146 4293 219 4343 llscc
228 4291 521 4355 praetatioinomuibus
529 4292 602 4341 deest
609 4291 698 4353 codd,
717 4292 827 4353 excepto
836 4292 913 4339 Trev.

47 4388 50 4401 .
917 4377 931 4431 ¹
1017 4420 1021 4425 Ι
