2594 4898
188 324 254 388 101
469 319 631 382 1111111Νο
654 318 786 379 LIBER
808 315 980 378 PRIMUS.

190 499 227 558 ut
252 492 385 556 credant
409 489 538 555 Patrem
563 495 596 557 et
620 486 736 553 Filium
757 494 790 551 et
816 485 967 568 Spiritum
992 491 1139 552 sunctum
1163 509 1253 553 unum

191 598 262 660 esse
279 592 384 658 Deum
411 593 672 672 omnipotentem,
689 591 759 670 -qui
781 591 888 653 omnia
908 589 1086 675 rernm),
1114 597 1148 655 et
1167 613 1255 656 unen

190 718 261 762 esse
288 695 439 760 deitatem
460 702 493 758 et
513 690 721 759 substantium
741 699 774 755 et
794 694 997 771 maiestatem
1024 694 1058 763 in
1074 692 1176 758 tribus
1191 716 1255 774 per·

188 801 276 864 sonis
293 797 413 875 Patris,
431 795 506 860 Filii
523 804 557 860 et
573 795 709 876 Spiritus
727 796 841 859 sancti.
1170 878 1177 885 .

273 896 328 965 De
352 905 583 964 incarnatione.
628 896 710 961 Item
735 896 980 976 praedicandum
1007 904 1072 978 est,
1099 899 1253 979 quomodo

188 1002 273 1067 filius
291 1002 355 1066 Dei
380 1004 560 1065 incarnatus
588 1007 638 1064 est
663 1001 703 1063 de
722 998 842 1079 Spiritu
867 1006 977 1062 sancto
1007 1003 1126 1085 etffl)
1153 999 1255 1064 Maria

188 1127 313 1186 semper
329 1107 452 1188 virgine
468 1124 525 1184 pro
543 1102 646 1167 salute
658 1105 730 1179 ⁴¹⁵)
759 1101 884 1186 generis
906 1099 1036 1163 humani
1053 1123 1181 1181 passus,
1207 1124 1255 1167 se·

188 1208 306 1290 pultus,
325 1208 421 1271 tertia
433 1207 485 1269 die
498 1206 677 1269 resurrexit
690 1210 722 1266 et
734 1206 809 1284 416)
820 1202 941 1267 coelum
956 1202 1134 1283 adscendit,
1151 1207 1185 1268 in
1194 1200 1255 1269 fine

108 1385 120 1401 ι
188 1309 298 1375 mundi
315 1311 446 1373 veniens
463 1308 605 1371 iudicare
619 1305 882 1370 omneshomines
896 1306 1067 1370 secundum
1078 1307 1255 1387 operam)

184 1414 326 1494 propria,
344 1411 501 1499 quomode
510 1411 599 1490 impii
611 1411 682 1493 ⁴1⁸)
698 1429 767 1472 cum
782 1406 911 1472 diabolo
928 1409 1076 1491 inignem
1091 1416 1252 1473 aeternum

114 1548 119 1563 ι
188 1517 366 1601 minentur,
392 1513 468 1583 iusti
490 1534 561 1574 cum
580 1508 706 1574 Christo
727 1512 761 1572 in
778 1513 846 1573 vita
858 1511 930 1593 419)
949 1518 1080 1575 aeterna
1097 1519 1201 1575 erunt.

274 1613 356 1678 Item
372 1612 618 1693 praedicandum
635 1620 699 1693 est,
727 1612 809 1694 quod
833 1633 943 1676 omnes
965 1611 1110 1677 hchnes
1135 1615 1167 1676 in
1184 1634 1252 1694 prc-

188 1720 258 1799 prin
279 1737 373 1780 cume
389 1723 556 1798 resurgent
568 1719 652 1793 ⁴2⁰).

273 1835 354 1900 Item
380 1835 625 1914 praedicandum
650 1844 718 1914 est,
753 1855 810 1914 pro
838 1832 948 1915 quibus
974 1833 1159 1899 criminibus
1187 1857 1252 1899 cum

187 1935 1251 2022 diabolodeponuntur⁴2¹),quaeApostclusenumernt:fornicatio,

186 2038 406 2118 immunditia,
441 2037 582 2120 luxuria,
621 2037 779 2102 idolorum
813 2036 967 2120 servitus,
999 2036 1159 2112 veneficia
1194 2049 1251 2104 etc.

188 2137 253 2216 Qui
279 2139 356 2204 tulin
377 2136 494 2225 agunt,
520 2163 652 2226 regnum
667 2141 733 2206 Dei
754 2163 818 2206 non
836 2148 1076 2223 consequentur.
1121 2141 1165 2206 Et
1181 2143 1250 2206 ideo

185 2240 353 2309 buencum
370 2245 457 2307 omui
474 2245 577 2308 studio
594 2242 830 2326 prohibeantur.

270 2359 353 2429 Item
369 2363 612 2443 praedicandum
629 2371 679 2428 est
692 2364 764 2445 ⁴²²)
783 2364 822 2428 de
841 2363 1009 2429 dilectione
1017 2361 1082 2452 Dei
1099 2365 1251 2443 et-prcxi·

185 2465 243 2543 mi,
261 2463 303 2528 de
319 2463 384 2528 fide
401 2472 435 2529 et
452 2486 507 2545 spe
523 2468 557 2535 in
574 2465 664 2544 Dec,
689 2467 728 2528 de
746 2465 940 2543 humilitate,
961 2466 1132 2544 patientia,
1160 2468 1251 2529 casti·

185 2571 267 2645 tute,
295 2565 505 2651 benignitate,
532 2568 760 2644 misericordia,
788 2567 827 2630 de
858 2566 1084 2649 eleemosynis,
1118 2566 1159 2631 de
1178 2589 1249 2631 con·

185 2822 231 2869 En
242 2824 269 2871 ι’.
280 2823 382 2871 Rotnm.
392 2840 413 2872 c.
424 2827 447 2872 1.
458 2827 480 2871 2.
491 2827 523 2885 3,,
535 2840 556 2871 c.
567 2828 606 2873 (11.
618 2829 669 2873 crs
688 2826 733 2874 En
744 2828 770 2875 0.
783 2827 897 2877 cantion.
908 2843 928 2875 e.
940 2832 963 2875 5.
973 2831 1005 2888 1.,
1016 2828 1092 2874 Decr.
1101 2828 1144 2876 VI.
1156 2830 1248 2877 155.-

186 2893 243 2938 151.
255 2893 312 2938 1⁶1.
323 2893 381 2937 rcn.
393 2889 457 2957 (n).

228 3057 261 3116 C.
289 3057 375 3118 CCV.
432 3067 512 3131 413)
542 3067 692 3143 onumen,
739 3065 964 3137 (ernntdeest):
985 3066 1060 3144 orig.
1078 3069 1155 3140 420)
1176 3068 1247 3144 orig.

98 3208 104 3220 ι
185 3153 354 3216 ueternum,
405 3147 597 3221 invisibilem,
643 3153 697 3228 qni
737 3150 808 3209 baec
818 3151 913 3230 paullo
924 3150 1010 3209 aliter
1023 3150 1158 3211 exbibet:
1178 3154 1248 3210 Item

184 3231 591 3304 crenne'tcoclnmetterrnm,
611 3254 692 3294 merc
736 3237 898 3313 diligenter
927 3237 1165 3314 praedicandum
1198 3246 1248 3308 est,

183 3322 215 3371 ct
240 3317 349 3385 omnin,
387 3336 462 3393 qnae
488 3319 519 3376 in
547 3321 589 3377 eis
613 3330 691 3390 sunt,
734 3340 765 3378 re
800 3323 1046 3380 resurrectionem
1069 3330 1247 3383 mortuorum

184 3407 216 3456 ct
249 3418 354 3460 unum.-
391 3403 465 3480 orig.
528 3406 602 3476 414)
635 3424 691 3464 en:
735 3415 918 3483 accepturos.
970 3410 1046 3479 421)
1075 3407 1169 3484 orig:
1199 3409 1247 3466 de·

71 3520 78 3527 -
182 3479 258 3542 11111.
276 3483 338 3543 Bul.
356 3485 432 3565 415)
443 3491 691 3567 etrepnrctr'one:
730 3511 802 3569 pon.
833 3510 905 3550 cren.
934 3490 1014 3551 diat.
1037 3510 1068 3550 rn
1095 3501 1247 3552 aeternnm

181 3566 247 3627 add.
275 3570 349 3648 orig.
386 3577 460 3643 416)
490 3582 520 3631 et
538 3575 694 3634 adscendit
733 3576 922 3654 supplicium.
979 3577 1122 3654 Legrinur'
1158 3579 1244 3648 eninr,

181 3654 212 3711 in
239 3656 338 3712 coelos
360 3664 392 3714 et
414 3659 557 3732 quomedo
585 3661 690 3718 iterum
734 3663 881 3739 Apostolo
911 3663 1045 3721 dicente:
1080 3659 1245 3738 Manifesta

179 3747 321 3796 venturus
340 3740 383 3796 sn
407 3742 437 3798 in
464 3744 617 3801 maiestate
645 3747 690 3803 di·
733 3755 801 3804 stent
819 3766 912 3823 opera
935 3749 1048 3818 cernei,
1077 3765 1154 3824 qnnc
1179 3756 1248 3806 runt

179 3822 250 3879 enirn
272 3823 361 3881 indic
381 3843 407 3881 ο.
427 3825 476 3883 b:
501 3826 568 3886 ibid.
613 3835 688 3902 417)
725 3828 905 3908 fornicatio.
1016 3867 1053 3877 -
1080 3831 1246 3910 (bic-ptura

178 3909 306 3965 merita:
338 3906 405 3966 ibid.
460 3916 537 3982 418)
562 3925 690 3993 prepter
733 3928 935 3975 enumerantur
957 3918 1040 3988 vitia,
1069 3937 1153 3997 cruam
1173 3914 1245 3997 apud

176 3990 381 4051 scelernsnn:
405 3992 469 4054 add.
495 3997 563 4056 ibid.
613 4004 687 4072 419)
734 3999 941 4078 Regincnem).
1004 4008 1083 4075 422)
1123 4004 1186 4061 Sed
1218 4011 1247 4061 01

176 4073 219 4132 sic
239 4073 325 4134 Goth.
348 4077 464 4138 Hctmst.
485 4083 552 4142 coti.
574 4085 688 4142 citt-
733 4089 814 4145 omni
837 4091 981 4148 tnrtnntin
1010 4089 1165 4149 admonete
1197 4106 1245 4146 ecs

177 4160 207 4217 r’n
239 4162 327 4219 vitant
360 4174 510 4226 aeternnm
538 4189 583 4227 e..·
618 4169 682 4228 reII.
728 4173 763 4230 de
787 4173 857 4234 nt:
885 4175 959 4252 orig.

176 4242 267 4304 Codd.
291 4281 332 4291 -
361 4251 390 4307 in
418 4253 505 4312 citam
533 4263 683 4313 aeternnm
