2594 4898
442 327 519 407 cap.
544 325 866 389 ccccv-ccccx.
1111 330 1181 394 rao

105 499 257 562 siasticos
275 494 444 559 indiscrete
461 504 700 576 promoventur,
731 496 849 576 placuit
870 496 1015 561 omnibus
1039 518 1108 560 cum
1126 519 1179 562 sa·

107 601 170 663 cris
188 599 366 661 canonibus
388 599 580 661 concordare
599 598 731 677 debere,
751 608 783 662 et
800 607 952 663 statutum
970 607 1035 678 est,
1058 609 1094 663 ut
1111 599 1179 663 nul-

108 698 159 764 lus
179 702 401 780 episcoporum
418 700 566 778 deinceps
585 722 640 763 eos
659 702 699 763 ad
719 723 827 764 sacros
846 702 972 764 ordines
990 723 1177 781 promovere

107 809 306 882 praesumat,
334 803 396 865 nisi
420 803 506 881 prius
524 825 543 864 a
562 802 697 866 dominis
714 805 848 883 propriis
869 801 1049 866 libertatem
1067 825 1179 867 conse·

110 905 176 967 cuti
194 904 324 967 fuerint.
367 903 410 966 Et
427 905 455 965 si
472 902 604 982 quilibet
625 926 733 968 servus
760 906 921 968 dominum
942 926 1033 968 suum
1054 905 1179 988 fugiens

100 998 165 1069 faut
177 1004 322 1084 latitans,
342 1012 397 1068 aut
411 1004 561 1067 adhibitis
575 1006 708 1069 testibus
723 1027 852 1070 munere
866 1006 1028 1070 conductis
1042 1004 1096 1069 val
1110 1029 1180 1072 cor·

108 1110 225 1187 ruptis,
244 1103 300 1170 aut
317 1106 457 1186 qualibet
474 1105 647 1171 calliditate
667 1101 718 1170 vel
740 1110 850 1172 fraudo
878 1108 918 1171 ad
941 1110 1056 1192 gradus
1080 1107 1181 1173 eccle·
1201 1122 1204 1127 '

109 1211 258 1272 siasticos
275 1210 469 1288 pervenerit,
489 1208 650 1272 decretum
669 1217 732 1289 est,
755 1219 791 1277 ut
809 1212 999 1290 deponatur,
1027 1218 1060 1274 et
1079 1211 1180 1273 domi·

110 1333 168 1373 nus
196 1312 265 1373 eius
292 1332 363 1397 eum
388 1312 529 1389 recipiat.
574 1310 609 1373 Si
636 1333 713 1373 vero
740 1334 820 1375 avus
846 1310 899 1375 vel
929 1318 1021 1391 pater
1047 1311 1088 1374 ab
1116 1310 1180 1375 alia

108 1414 215 1492 patrio
231 1414 264 1474 in
282 1411 377 1474 aliam
395 1414 544 1496 migrans,
562 1414 595 1475 in
612 1414 721 1475 eadem
735 1416 899 1494 provincia
912 1411 1012 1476 lilium
1024 1415 1179 1498 genuerit,
1293 1462 1296 1467 .

111 1517 233 1593 etipse
255 1511 338 1575 filius
360 1513 476 1576 ibidem
499 1515 650 1577 educatus
678 1524 711 1578 et
737 1517 777 1578 ad
803 1516 918 1598 gradus
947 1514 1179 1579 ecclesiasticos

111 1623 274 1696 promotus
293 1616 403 1693 luerit,
431 1624 464 1678 et
480 1624 584 1678 utram
601 1638 712 1679 servus
730 1621 787 1697 sit,
815 1620 958 1700 ignotum
977 1619 1018 1681 sit
1031 1620 1120 1702 ⁶⁶²),
1148 1624 1181 1681 et

112 1726 227 1798 postea
245 1719 375 1780 veniens
393 1717 536 1780 dominus
554 1716 639 1780 illius
657 1717 778 1802 legibus
799 1743 870 1782 eum
888 1720 1082 1798 acquisierit,
1105 1740 1179 1783 san·

111 1822 207 1885 eitum
230 1828 294 1898 est,
321 1827 356 1884 ut
378 1821 405 1881 si
424 1819 568 1885 dominus
587 1822 654 1882 eius
673 1820 719 1883 illi
736 1821 918 1885 libertatem
936 1822 1012 1887 dare
1031 1820 1178 1901 voluerit,

107 1923 141 1984 in
158 1921 260 2004 gradu
277 1943 335 1984 suo
353 1930 547 2000 permaneat.
592 1920 628 1984 Si
646 1945 721 1985 vero
746 1911 818 1986 eum
841 1933 953 1987 catena
976 1925 1137 1986 servitutis
1159 1946 1179 1987 a

109 2026 223 2087 castris
242 2023 406 2085 dominicis
424 2022 610 2086 abstrahere
628 2022 782 2103 voluerit,
802 2027 933 2108 gradum
952 2027 1086 2104 amittat,
1106 2027 1180 2104 quia

108 2125 201 2186 iuxta
219 2145 325 2190 sacros
345 2146 482 2199 canones
501 2123 570 2188 vilis
588 2147 726 2205 persona
743 2148 876 2191 rnanans
895 2128 1064 2191 sacerdotii
1075 2127 1177 2211 digni·

108 2234 173 2289 tate
191 2225 281 2310 fungi
298 2248 361 2290 non
378 2233 494 2305 potest.
935 2214 939 2219 ’

299 2394 335 2460 C.
355 2394 529 2460 cccclx.
567 2396 621 2462 De
631 2401 762 2481 peculio
777 2405 985 2479 servorumss).
1040 2466 1046 2477 ¹
1185 2407 1236 2455 aar

194 2530 246 2623 De
272 2533 367 2615 rebus
393 2555 468 2598 vero
495 2532 621 2597 illorum
647 2533 699 2597 vel
726 2533 900 2615 peculiare,
932 2527 987 2614 qui
1004 2554 1023 2596 a
1041 2533 1176 2610 dominis

107 2635 242 2714 propriis
260 2633 407 2699 libertate
426 2636 597 2715 donantur,
615 2645 651 2699 ut
669 2637 709 2698 ad
723 2639 841 2720 ¹gradus
861 2636 1093 2700 ecclesiasticos
1107 2637 1176 2699 iore

107 2745 353 2814 promoveantur
364 2740 449 2818 5⁶⁸),
467 2745 618 2800 statutum
636 2748 695 2817 est,
714 2747 749 2801 ut
761 2742 794 2801 in
806 2742 965 2819 potestate
979 2738 1176 2802 dominorum
1245 2761 1249 2768 ·

109 2841 263 2902 consistat
274 2826 364 2923 ⁶⁶⁹),
380 2846 483 2902 utrum
501 2837 565 2902 illis
584 2840 772 2920 concedere,
792 2864 833 2904 an
851 2841 912 2905 sibi
929 2841 1089 2905 vindicare
1101 2845 1173 2919 ⁶¹⁰)

107 2937 276 3003 voluerint.

273 3108 309 3174 C.
330 3108 488 3175 CCCCX.
531 3109 586 3177 De
596 3116 726 3196 peculio
744 3111 998 3198 ordtirctoroml)
1166 3124 1234 3184 ,ros

193 3243 353 3325 Ceterum,
372 3249 489 3328 sipost
507 3248 738 3313 ordinationem
754 3249 871 3328 aliquid
886 3250 1078 3329 acquisierit,
1097 3246 1176 3311 illud

108 3346 339 3427 observandum
365 3359 428 3428 est,
456 3351 538 3430 quod
565 3353 598 3414 in
622 3352 795 3414 canonibus
819 3352 859 3413 de
876 3351 1074 3413 consecratis
1097 3347 1176 3413 nihil

107 3447 298 3512 habentibus
317 3454 520 3514 constitutum
539 3462 597 3516 est.

174 3643 204 3689 C.
223 3641 350 3687 cccclx.
385 3638 412 3705 g)
432 3619 523 3702 Λαυρ-3.
539 3643 597 3690 ibid.
616 3642 710 3708 (Capit.
728 3643 846 3703 aquisgr.
865 3641 944 3702 ibid).
971 3666 1007 3677 -
1032 3640 1125 3689 Burch.
1142 3642 1174 3691 Il.

107 3708 147 3754 23.
158 3707 226 3767 (R.),
236 3708 312 3756 Dect.
322 3711 364 3756 Vl.
375 3711 636 3771 38.(8.),1)iat.1,1v.
647 3727 669 3760 c.
679 3714 716 3760 8.:
735 3711 781 3759 Er
792 3713 888 3760 Concil.
902 3711 1019 3764 Taleton.
1025 3725 1038 3770 ,·
1053 3713 1086 3758 cf.
1097 3724 1176 3771 supra

107 3789 129 3825 c.
139 3778 289 3824 CCCCVssl.
300 3779 392 3836 nott).

174 3847 202 3892 c.
221 3846 337 3892 CCCCX.
373 3844 401 3910 b)
411 3847 504 3906 Anaeg.
514 3851 540 3894 et
550 3849 611 3906 cap.
621 3848 680 3894 ibid.
690 3874 721 3882 —
741 3849 835 3896 Burch.
844 3850 887 3897 111.
899 3850 956 3896 122.
967 3843 1029 3910 (ln),
1046 3848 1124 3895 Dect.
1133 3849 1174 3895 ΙΙΙ.

107 3912 146 3957 96.
156 3913 223 3973 (B.):
243 3913 289 3959 Er
301 3913 376 3961 Cone.
389 3915 470 3962 Tolet.
477 3929 489 3974 ;
509 3916 542 3962 ci.
552 3930 631 3974 supra
641 3918 693 3963 not.
705 3917 738 3976 l).
1281 3916 1285 3921 ’

148 4045 181 4105 C.
212 4046 390 4107 CCCCVlll.
435 4054 513 4120 667)
534 4052 620 4127 agno·
664 4051 725 4108 citt.
775 4055 848 4123 669)
878 4051 1018 4129 quicquid
1043 4059 1112 4109 onte
1139 4051 1175 4108 b·-

105 4135 239 4191 rooerr‘t:
257 4134 332 4208 orig.
664 4136 806 4195 bertotem
821 4137 1006 4195 doluerunt:
1023 4134 1088 4194 add.
1100 4133 1170 4193 ibid.

148 4216 181 4275 C.
211 4217 362 4276 cccclx.
426 4218 505 4298 668)
529 4223 619 4297 grad.
665 4226 738 4293 670)
758 4224 906 4281 renitere:
925 4220 993 4280 ibid.

106 4302 176 4359 cccl.
192 4305 369 4379 promoveri
384 4304 618 4364 debeant.··Coll.
