2594 4898
649 242 671 283 e

186 349 232 410 82
465 340 631 403 REGINO
655 338 786 401 LIBER
808 339 980 401 PRIMUS.

187 536 279 596 quam
306 514 467 597 exigatur,
502 509 559 574 sed
585 511 684 595 gratis
710 508 795 572 dona
822 507 941 573 Christi
967 508 1260 592 graticitadirpen·

187 617 394 700 sentur'³⁵⁹).

130 803 179 848 me
240 784 277 851 C.
296 778 441 850 CXXX.
477 784 531 850 De
552 783 732 862 infantibus
753 789 885 849 mortuis
896 803 962 877 pec
976 785 1211 868 negligentiam
1281 736 1292 759 ο

588 907 650 950 noo
671 884 854 970 baptizate.

387 1025 445 1087 Ex
463 1021 752 1101 Poenitentiali,
771 1044 848 1103 cap.
868 1019 1050 1105 xvll.b).

273 1144 406 1208 Patiens
441 1144 573 1222 femina,
610 1144 697 1205 cuius
732 1139 817 1204 filius
848 1164 906 1222 per
936 1140 1162 1225 negligentiam
1196 1161 1255 1203 non

187 1249 365 1328 baptizatus
392 1247 507 1310 obierit
517 1250 563 1328 t),
592 1266 710 1308 annum
730 1266 827 1306 unum
844 1245 1022 1323 poeniteat,
1050 1250 1084 1305 et
1100 1263 1255 1322 nunquam

188 1355 229 1414 sit
246 1353 315 1413 sine
334 1349 437 1430 aliqua
455 1350 658 1428 poenitentia.
694 1346 731 1410 si
747 1346 912 1424 sacerdos,
941 1347 982 1408 ad
1005 1350 1100 1424 quein
1120 1347 1255 1424 pertine·

189 1453 258 1531 bat,
295 1460 426 1514 vocatus
452 1450 549 1513 fuerit
575 1450 617 1512 ad
641 1448 862 1529 baptizandum
883 1447 1052 1525 infantem,
1090 1455 1124 1510 et
1149 1449 1255 1510 venire

188 1553 381 1636 neglexerit,
405 1553 472 1630 ipse
491 1552 716 1635 secundrrm**)
740 1551 975 1613 damnationem
993 1551 1118 1613 animae
1141 1551 1255 1612 iudicio

189 1657 327 1733 episcopi
344 1656 392 1715 sui
410 1655 590 1736 castigetur.
636 1652 699 1715 Sed
718 1660 752 1717 et
769 1651 913 1715 omnibus
931 1649 1078 1713 fidelibus
1096 1650 1186 1730 licet,
1203 1652 1254 1714 uhi

187 1757 271 1819 forte
288 1757 457 1817 morituros
474 1757 727 1818 invenerintnon
739 1755 931 1834 baptizatos,
948 1755 1254 1834 immopraeceptum

187 1872 251 1936 est,
279 1878 387 1919 omnes
415 1859 535 1918 animas
561 1859 683 1937 eripere
706 1880 725 1919 e
747 1856 874 1919 diabolo
900 1877 958 1935 per
983 1855 1159 1935 baptisma,
1185 1858 1207 1918 i.
1225 1877 1251 1918 e.

190 1959 358 2023 benedicta
375 1980 456 2038 aqua
478 1957 660 2038 simpliciter
677 1962 710 2021 in
730 1961 856 2022 nomine
873 1957 1018 2037 Domini,
1041 1965 1075 2021 et
1092 1957 1253 2037 baptizare

188 2059 263 2123 illos
290 2063 323 2123 in
351 2061 478 2122 nomine
495 2059 599 2123 Patris
627 2068 658 2122 et
675 2059 749 2122 Filii
775 2069 807 2123 et
825 2060 959 2140 Spiritus
978 2059 1090 2123 Sancti
1107 2061 1253 2124 intinctos

189 2170 246 2225 aut
263 2162 426 2242 superfusa
445 2184 536 2241 aqua.
571 2160 663 2224 Unde
682 2169 807 2240 oportet
825 2183 896 2240 eos,
916 2163 968 2241 qui
985 2169 1130 2241 possunt,
1150 2170 1252 2225 tamen

188 2261 314 2342 fideles,
334 2263 505 2327 monachos
523 2266 672 2343 maxime,
691 2272 723 2326 et
740 2266 906 2329 scientiam
924 2263 1041 2328 habere
1060 2263 1251 2343 baptizandi,

189 2373 232 2445 et,
251 2369 279 2428 si
297 2365 413 2430 alicubi
429 2365 556 2450 longius
576 2368 731 2446 exierint,
759 2365 980 2430 eucharistiam
1007 2387 1135 2446 semper
1153 2385 1252 2429 secum

189 2468 306 2531 habere
325 2468 454 2533 debent.

130 2677 178 2722 129
232 2662 237 2675 ·
450 2637 486 2703 C.
507 2636 669 2704 CXXXI.
706 2640 760 2706 De
781 2643 890 2706 ecdem
906 2640 993 2729 ret).

273 2773 475 2854 Perpendant
492 2777 683 2861 presbyteri,
712 2779 819 2857 quanti
841 2778 1028 2842 discriminis
1046 2778 1104 2856 sit,
1133 2778 1249 2839 animes

187 2878 402 2939 innocentium
424 2897 480 2957 per
502 2899 611 2942 eornm
632 2879 858 2964 negligentiam
876 2904 895 2944 a
912 2902 1011 2964 regno
1034 2876 1098 2941 Dei
1121 2877 1250 2942 excludi.

188 2977 223 3040 Si
246 2980 330 3040 enim
352 2979 498 3062 gaudium
521 2984 628 3043 estin
652 2981 743 3044 coelo
768 3004 861 3062 super
878 3004 942 3045 nno
959 2989 1130 3062 peccatore
1147 2981 1251 3061 poeni·

187 3083 320 3142 tentiam
338 3088 467 3161 agente,
487 3083 560 3161 quid
578 3093 686 3162 putas,
710 3092 826 3163 quanta
848 3087 896 3147 ira
917 3094 949 3148 et
971 3086 1147 3167 indignatio
1167 3102 1252 3161 snper

186 3180 274 3244 illum
292 3185 364 3261 erit,
383 3185 435 3263 qui
454 3205 509 3262 per
525 3206 613 3246 suam
632 3185 856 3269 negligentiam
874 3189 983 3249 ianuas
1001 3186 1153 3268 paradysi
1166 3188 1253 3247 inno·

186 3284 330 3348 centibus
354 3284 488 3349 clauditt
531 3286 573 3350 Et
591 3289 663 3350 ideo
681 3287 859 3369 presbyteri
880 3310 1003 3353 summa
1021 3286 1191 3371 diligentia
1207 3307 1253 3349 ce·

184 3396 296 3467 veant,
322 3409 364 3452 ne
382 3390 522 3469 animas,
549 3412 606 3470 pro
631 3389 741 3471 quibus
768 3393 899 3475 sanguis
918 3389 1036 3463 Christi
1055 3388 1178 3453 effusus
1195 3396 1252 3467 est,

184 3511 241 3568 per
257 3513 346 3553 suam
363 3493 517 3554 incuriam
535 3514 554 3554 a
573 3492 704 3556 coelesti
723 3492 915 3555 beatitudine
929 3502 1088 3573 separent.
1135 3490 1201 3555 Sed
1217 3491 1253 3566 si,

185 3590 268 3667 quod
286 3591 383 3670 absit,
401 3595 559 3671 evenerit,
577 3597 664 3678 gravi
687 3595 902 3674 poenitentiae
925 3592 1013 3657 luctu
1035 3592 1150 3657 diebus
1171 3596 1253 3656 ritae

185 3710 261 3750 suae
280 3713 315 3751 se
333 3688 514 3771 submittat,
534 3716 590 3773 per
608 3698 695 3758 cuius
714 3699 858 3759 evenerit
877 3693 1115 3779 neglectum,

185 3801 371 3811 ——.

255 3805 457 3896 dcxxi-M)
442 3848 499 3908 bc)
502 3853 559 3898 ..17
577 3851 655 3899 Poen
658 3852 910 3912 tentralsDarmet,
928 3866 961 3900 ex
977 3866 1028 3912 quo
1041 3852 1142 3913 Regino
1156 3855 1255 3915 praeter

185 3911 234 3957 hoc
245 3912 312 3959 ale
314 3914 387 3961 ulte
397 3930 470 3977 capp
480 3918 510 3964 de
496 3933 566 3965 esum
570 3921 611 3966 ιιι
629 3922 685 3970 vid
700 3928 781 3970 totum
796 3923 869 3969 illum
882 3922 975 3969 librum
990 3921 1134 3981 poenitent.
1148 3922 1254 3969 editum

184 3979 256 4040 (Β.)ι
283 3980 535 4046 Bes·c·‹·1·e..g..pcg
547 3989 603 4035 124.
615 4003 683 4047 seqq

255 4049 1054 4120 e.cxxx1.comnicoetum-Burri1v.m.(R.,)
1072 4058 1153 4107 Dect.
1166 4061 1187 4107 Ι.
1200 4060 1253 4105 m

186 4109 561 4177 (Β.;ε.ι”.ι“.οιι)ΕιιΙοιδιιΡ
529 4127 620 4182 cn.p.5

203 4215 377 4277 CMCXXIX
397 4222 699 4300 359)dirpeneetioue
787 4226 819 4285 C
839 4227 955 4287 CXXX.
1012 4227 1152 4300 ¹⁸)odri't:
1178 4228 1293 4305 orig.

184 4304 347 4365 donentur:
369 4305 442 4363 Coli.
464 4306 524 4367 citt.
741 4310 832 4389 ’Ἧι
851 4314 967 4373 domm:
986 4314 1063 4391 orig.

1283 4404 1293 4437 1

1195 4772 1212 4801 ·
1266 4666 1293 4866 Ι
