2594 4898
325 90 413 191 sp'p.
432 108 484 174 111.
504 108 868 192 apaan-axso.
1066 114 1138 181 raa

61 302 154 347 mne
166 280 218 365 ⁸⁸)
236 285 395 362 aegrotet,
413 277 611 358 dispensator
628 278 678 342 illi
695 278 768 343 tuiis
785 283 978 364 requiratur,
997 285 1050 363 qui
1066 306 1139 364 pus·

62 384 110 469 dt
132 383 202 446 eius
224 403 333 444 curam
356 402 480 443 ornnem
504 403 614 463 agere,
642 391 674 445 et
695 381 800 447 locum
823 382 908 448 iliius
929 385 962 448 in
984 387 1139 469 regimine

64 483 242 563 acclesiae,
265 485 334 563 ipso
358 506 421 546 non
446 483 605 562 deposito,
635 507 671 547 ao
696 488 726 546 in
750 488 892 549 custodia
918 490 1054 550 civitatis
1082 493 1139 552 iur-

62 586 173 671 plere‚
191 596 227 649 ut
246 608 345 666 nequo
363 583 451 647 Deus
471 589 669 664 omnipotens
688 589 882 666 offendatur,
907 611 1007 669 neque
1026 593 1139 655 civitas

62 692 249 754 inveniatur
267 710 338 750 esse
357 686 570 770 neglectam).
611 691 645 750 Si
664 711 739 751 vero
758 693 841 753 idern
859 693 1139 757 reverendissimus

62 790 229 856 Iohannes
251 791 388 853 fortasse
410 811 467 869 pro
490 788 638 852 molestia
660 812 718 854 sua
735 796 876 871 petierit,
900 803 936 856 ut
958 796 997 856 ab
1017 799 1139 875 episeo-

62 904 160 976 patus
188 895 309 956 honore
336 893 449 955 debeat
476 915 607 970 vacare,
640 896 670 955 ei
696 897 879 974 petitionem
907 899 1022 976 scripto
1051 900 1138 962 danti

63 996 301 1060 eoncedendum
321 1003 381 1058 est.
423 994 526 1058 Aliter
544 1005 650 1058 autern
668 1019 725 1059 nos
744 999 774 1059 id
793 998 898 1061 facere
920 1022 977 1079 pro
997 1004 1140 1080 omnipo-

63 1101 166 1164 tentis
194 1097 256 1160 Dei
283 1101 396 1161 timore
423 1101 605 1161 orunirnodo
635 1121 696 1161 non
724 1100 875 1163 valemus.
931 1101 1052 1175 Quodsi
1079 1102 1139 1166 hoo

63 1210 177 1285 petere
205 1198 258 1262 ilie
277 1199 428 1279 noluerit,
457 1200 539 1280 quod
566 1204 706 1281 piissimo
727 1199 797 1264 Deo
822 1224 883 1266 non
906 1203 1025 1282 placet,
1052 1207 1140 1284 quid-

64 1303 141 1387 quid
161 1302 248 1365 iubet
267 1303 382 1381 iacere,
401 1305 433 1365 in
453 1305 519 1366 eius
538 1312 696 1383 potestate
711 1313 770 1385 est,
788 1308 869 1367 sicut
884 1309 948 1384 ipse
961 1309 1139 1388 provideat,

64 1428 126 1471 uos
150 1406 367 1468 tantummodo
391 1408 423 1468 in
448 1406 645 1485 depositione
668 1404 726 1468 tali
745 1429 807 1468 non
826 1408 922 1470 faciat
939 1412 1137 1487 perurisceri3

65 1509 152 1591 quod
174 1529 252 1571 vero
275 1509 341 1588 ipse
363 1507 492 1587 fecerit,
514 1510 542 1571 si
564 1511 749 1572 canonicum
768 1516 831 1587 est,
850 1513 883 1572 in
902 1520 1050 1591 quantum
1069 1514 1139 1575 sine
1250 1542 1257 1558 .

63 1618 199 1693 peceato
216 1618 325 1673 nostro
344 1619 517 1690 portamus.

66 1779 107 1846 C.
125 1778 289 1844 LXXIV.
341 1779 388 1844 Ut
396 1801 459 1865 per
475 1787 599 1863 scripta
616 1784 735 1844 arellius
753 1791 917 1846 occursatio
934 1792 1138 1866 aurcrpr'atur,

110 1884 170 1949 red
184 1889 319 1967 propria
340 1904 430 1962 uoce,
458 1891 534 1968 quia
560 1885 665 1946 nullus
688 1883 799 1946 aboena
826 1885 968 1950 iudicare·
988 1897 1094 1969 polest

491 1995 552 2048 aut
568 1987 723 2049 iudicare.

452 2119 539 2201 cap.
565 2119 720 2186 cxxv.
735 2125 763 2206 ι)

155 2240 218 2305 Per
235 2243 352 2320 scripta
370 2242 454 2303 enirn
472 2239 588 2329 nullius
607 2243 767 2307 accusatio
780 2243 979 2321 suscipiatur,
998 2242 1052 2304 sed
1067 2264 1139 2321 pro·
1241 2232 1266 2259 ”

65 2346 141 2427 pria
158 2365 251 2417 voce,
274 2346 301 2406 si
319 2342 460 2426 legitima
478 2352 510 2406 et
529 2344 686 2428 condigna
703 2346 895 2408 accusatoris
917 2365 1053 2423 persona
1071 2346 1139 2409 fua·

10 2504 16 2539 r
65 2448 129 2526 rit,
151 2453 320 2526 praesente
341 2444 489 2508 videlicet
512 2467 567 2524 eo,
590 2466 683 2525 quern
706 2468 854 2510 accusare
874 2447 1047 2524 desiderat,
1067 2450 1139 2526 quia

10 2604 19 2615 .
68 2547 177 2615 uultus
195 2548 309 2611 absens
328 2555 383 2610 aut
401 2550 544 2610 accusari
561 2557 668 2627 potest
685 2557 740 2610 aut
759 2553 979 2633 accusare85).
1024 2547 1138 2613 Nullus

10 2708 19 2719 .
66 2658 179 2716 tamea
200 2650 335 2732 praefati
358 2651 477 2712 ordinis
499 2652 547 2712 vir
570 2654 711 2713 accusari
734 2660 854 2732 potest,
876 2660 930 2714 aut
946 2653 1139 2730 respondere

10 2740 18 2827 ζ
67 2755 138 2818 auis
160 2751 395 2817 accusatoribus
418 2752 530 2831 debet,
552 2755 731 2832 priusquam
752 2751 940 2837 regulariter
958 2776 978 2816 a
1001 2777 1058 2818 suo
1077 2759 1141 2835 pri·

10 2918 19 2939 ,
68 2863 158 2920 mata
179 2863 311 2918 vocatus
333 2857 390 2934 sit,
414 2854 580 2934 locumque
603 2855 793 2919 defendendi
816 2865 848 2918 et
864 2858 1042 2937 inquirendi
1060 2860 1141 2920 acci·
1246 2850 1254 2867 ‘

11 3016 23 3055 .-
67 2960 138 3040 piat
155 2957 195 3022 ad
213 2955 369 3021 abluenda
387 2958 528 3020 erimina.

11 3222 26 3245 ,
140 3185 169 3231 c.
187 3182 303 3232 Lxxrv.
337 3181 365 3241 ι)
383 3185 467 3240 caput
480 3183 650 3242 Prendoisid.,
670 3197 704 3230 ex
718 3183 843 3243 Stephani
855 3183 882 3232 Ρ.
895 3183 943 3243 Ep.
957 3186 1001 3242 11.‚
1018 3183 1140 3231 haustum

11 3248 20 3261 “
71 3265 106 3300 ex
120 3253 169 3298 lat.
184 3252 244 3297 cod.
258 3251 354 3298 Theod.
368 3253 413 3297 lx.
428 3253 445 3296 Ι.
460 3254 545 3310 o.15.,
565 3254 642 3300 Statt.
656 3253 720 3298 eccl.
733 3256 786 3300 ant.
800 3267 822 3300 e.
833 3254 873 3298 53.
887 3255 913 3298 et
923 3255 972 3298 act.
982 3266 1022 3311 ap.
1033 3266 1054 3299 c.
1065 3255 1106 3301 25.
1118 3266 1139 3299 v.

72 3321 157 3366 16.-
167 3320 232 3368 con.
246 3320 307 3367 Ana.
321 3320 376 3365 ded.
391 3321 432 3366 111.
448 3323 505 3365 105.
522 3315 610 3380 (plane
624 3320 793 3378 quadrat).--
804 3320 895 3368 Bureh.
906 3323 924 3366 1.
939 3323 1010 3379 m,
1024 3321 1100 3368 Deer.
1109 3322 1140 3369 V.

72 3389 130 3436 293.
141 3386 209 3454 (3.),
217 3389 259 3436 Vi.
270 3389 339 3449 328„
349 3389 411 3436 Pan.
422 3390 462 3437 IV.
473 3390 513 3435 53.
524 3385 568 3453 (i).
578 3389 621 3450 V.)
626 3420 635 3451 ‚
644 3391 706 3439 Ana.
716 3391 758 3437 ΙΙΙ.
770 3393 823 3453 oo„
833 3392 860 3437 C.
870 3391 901 3439 11.
912 3403 934 3448 q.
944 3392 968 3438 8.
980 3404 1002 3437 a.
1013 3392 1036 3436 d.
1047 3386 1106 3448 (Α.).
1168 3450 1172 3465 ι

11 3508 22 3607 ζ
92 3539 149 3607 u.
168 3538 300 3599 uxxru.
324 3543 469 3612 saraa,
489 3543 583 3618 quiin
672 3542 705 3601 u.
734 3540 865 3601 uxxrv.
897 3545 956 3617 85)
985 3541 1064 3614 Quae
1094 3561 1141 3602 se-

72 3627 219 3704 regz'mr'ne
239 3635 299 3685 est.-
321 3625 399 3685 Grai.
428 3632 480 3698 84)
503 3626 583 3698 Quae
629 3639 766 3706 quantur,
787 3626 847 3685 des.
867 3648 914 3705 ap.
933 3628 1004 3689 Aus.
1025 3627 1104 3689 Grat.

11 3726 17 3747 ¹·
73 3722 244 3790 sequuntur,
264 3709 325 3772 das.
346 3713 375 3771 iu
393 3712 469 3772 Coti.
489 3713 550 3771 citt.

503 3979 544 3986 ..η-
550 3979 713 3988 m...—
