2594 4898
189 294 258 415 111
435 345 601 408 111161Νο
620 344 752 405 LIBER
772 343 1016 424 SECUNDUS.

276 521 328 582 56.
375 515 410 578 Si
429 514 541 595 aliquis
553 514 605 597 23)
624 519 688 591 est,
709 514 842 592 quinon
861 512 1071 575 communicet
1088 509 1142 574 vel
1159 511 1254 575 tribus

188 619 381 702 temporibus
403 620 436 680 in
459 638 558 692 anno,
581 617 696 694 idest,
718 618 752 678 in
769 613 909 693 Pascha,
931 605 1126 677 Pentecoste
1145 621 1180 679 et
1195 613 1256 678 Na·

188 722 252 788 tale
278 720 430 798 Domini,
462 722 524 783 nisi
548 731 607 798 pro
633 718 804 780 mortiferis
832 716 1014 781 criminibus
1040 719 1185 797 episcopi
1208 717 1256 781 vel

159 896 164 904 ,
189 826 389 889 sacerdotum
406 823 523 885 iudicio
542 843 562 883 6
579 823 796 884 commuuione
815 819 911 885 fuerit
926 817 1087 883 remotusi
1181 859 1185 865 .

276 930 327 989 57.
372 924 432 987 Est
449 922 573 1003 6116616,
592 924 644 1002 qui
662 924 694 984 in
713 923 763 985 die
782 923 940 985 dominica
955 920 1010 985 vel
1026 924 1060 984 in
1082 924 1257 1001 praecipuis

189 1028 415 1092 festivitatibus
434 1027 600 1113 quidquam
619 1026 723 1104 operis
740 1024 851 1102 faciat,
876 1032 908 1087 ct
928 1026 957 1087 si
979 1023 1020 1086 ad
1037 1025 1211 1088 matutinas
1227 1031 1257 1087 61

189 1131 230 1199 66
256 1132 385 1192 missam
411 1137 444 1192 et
468 1149 618 1209 resperas
644 1126 694 1190 his
720 1126 829 1191 diebus
854 1128 1124 1206 impraetermisse
1152 1134 1256 1190 omnes

189 1231 375 1295 occurrenti
1172 1290 1176 1295 .

273 1338 325 1397 58.
363 1331 406 1418 ¹Si
423 1331 537 1414 aliquis
555 1332 848 1422 excommunicatus
864 1352 922 1410 pro
940 1328 1038 1393 nihilo
1057 1331 1190 1395 duxerit
1203 1354 1255 1394 ex·

189 1438 520 1512 communicationem,
544 1435 626 1499 etsi
649 1426 762 1512 aliquis
785 1455 856 1497 cnm
873 1434 1154 1501 excommunicato
1175 1454 1256 1498 com·

188 1536 412 1603 municaveriti
890 1527 893 1533 ⁴

275 1645 327 1704 59.
371 1638 407 1700 Si
422 1622 533 1717 aliquis
547 1637 674 1700 modum
688 1639 903 1716 poenitentiae
921 1636 983 1700 sibi
1000 1639 1178 1702 iniunctum
1197 1660 1255 1701 non

190 1738 390 1810 custodienti
423 1807 426 1812 ,
455 1809 457 1814 ,
826 1797 831 1805 .

274 1846 337 1920 60,
373 1840 409 1904 Si
427 1841 538 1920 aliquis
555 1848 678 1920 patrem
694 1849 751 1905 661
767 1839 902 1909 matrem
914 1841 1096 1921 inhonorat,
1115 1850 1173 1906 661
1188 1865 1256 1923 per-

190 1946 283 2023 cutit,
302 1951 357 2008 661
373 1941 551 2007 maledicit?
742 1944 744 1949 ’

274 2051 326 2111 61.
370 2046 406 2109 Si
432 2045 545 2126 aliquis
572 2048 726 2111 vomitum
749 2053 823 2126 post
849 2052 1011 2126 acceptam
1035 2045 1258 2113 eucharistiam

120 2190 122 2194 ·
188 2171 244 2229 per
261 2148 448 2213 ebrietatem
464 2147 593 2213 feceritt
665 2182 685 2214 .-

274 2256 325 2314 62.
370 2249 406 2314 Si
423 2250 535 2331 aliquis
554 2258 618 2329 est,
638 2252 796 2330 quisnam
814 2251 971 2315 decimam
991 2247 1064 2317 Deo
1082 2259 1116 2316 et
1133 2250 1258 2319 Sanctia

188 2356 257 2423 eius
274 2351 435 2418 retrahati
868 2422 872 2427 ,
959 2426 967 2435 ‚
1051 2374 1054 2379 ·

155 2477 158 2484 ’
274 2459 326 2519 63.
371 2453 1258 2539 81611666661166666666666661611666110116661

189 2556 302 2625 saitem
320 2557 478 2621 dominica
496 2557 547 2620 die
564 2557 606 2620 ad
624 2556 788 2621 ecclesiam
806 2579 870 2621 non
888 2557 1012 2621 venisti

274 2662 327 2722 64.
372 2657 407 2721 Si
424 2661 561 2739 porcarii
575 2668 611 2722 et
627 2659 681 2722 alii
701 2668 844 2740 pastores
862 2661 1019 2725 dominica
1033 2662 1086 2727 die
1098 2662 1143 2724 ad
1157 2662 1258 2726 eccle·

188 2764 268 2828 siam
284 2761 431 2839 veniant,
451 2767 483 2823 61
500 2762 613 2829 missas
630 2761 778 2835 audienti
795 2761 952 2826 Similiter
968 2764 1000 2827 in
1018 2761 1260 2830 6111616611νί6-

188 2862 272 2925 tibus
285 2859 356 2944 24)1
400 2927 406 2935 .

274 2965 325 3024 65.
372 2961 407 3024 Si
428 2961 542 3043 aliquis
564 2972 629 3043 est,
657 2968 708 3044 qui
735 2967 774 3028 ad
797 2967 1030 3033 confessionem
1052 2989 1117 3033 non
1140 2973 1259 3050 veniat,

187 3063 240 3129 vel
257 3085 321 3127 una
338 3066 407 3127 vice
425 3066 458 3127 in
477 3088 577 3146 anno,
604 3068 636 3130 id
658 3074 722 3146 est,
744 3070 778 3132 in
801 3071 903 3148 capite
922 3071 1200 3156 quadragesimae,
1228 3084 1259 3137 et

187 3167 415 3246 poenitentiam
432 3189 488 3248 pro
507 3171 643 3249 peccatis
660 3172 727 3233 suis
745 3170 913 3250 suscipiatt

274 3273 326 3332 66.
372 3269 407 3332 Si
424 3269 537 3350 aliquis
555 3279 619 3351 est,
639 3274 692 3351 qui¹
708 3273 866 3336 assiduam
888 3273 1075 3339 ebrietatem
1099 3277 1255 3343 sectatur!

187 3367 300 3453 Neque
319 3371 404 3436 enim
420 3366 541 3437 ebriosi
557 3395 690 3459 regnum
706 3370 769 3439 Dei
785 3375 999 3456 possidebunt.

274 3477 326 3536 67.
371 3474 407 3537 Si
429 3473 540 3553 aliquis
563 3484 625 3552 est,
649 3478 716 3560 qni,
740 3485 899 3541 contemto
917 3499 976 3541 suo
994 3479 1203 3562 presbytero,
1223 3484 1253 3544 in

188 3574 283 3639 aliam
300 3575 482 3655 parochiam
500 3577 589 3643 vadit
601 3580 652 3662 ²⁵)
671 3579 712 3643 ad
730 3565 912 3658 ecclesiam,
934 3587 968 3644 61
985 3580 1029 3645 ibi
1047 3586 1253 3649 communicat

189 3683 221 3739 61
237 3697 329 3740 suam
346 3678 494 3741 decimam
513 3678 583 3743 6611

274 3782 326 3840 68.
371 3778 594 3861 Inquirendnm
611 3782 651 3845 de
668 3783 836 3862 mendicis,
855 3785 908 3864 qui
925 3806 981 3864 per
998 3787 1120 3865 patrias
1138 3787 1250 3851 discur-

188 3885 276 3957 runt,
296 3887 328 3942 et
346 3883 374 3943 si
391 3885 603 3966 unusquisque
621 3907 788 3965 pauperem
807 3887 846 3948 66
864 3885 988 3951 familia
1004 3909 1064 3951 sua
1082 3897 1203 3967 pascat.
1274 3950 1277 3956 .

250 4028 401 4036 -——-...

231 4118 256 4194 ἕ.
268 4124 318 4182 56.
351 4126 403 4194 23)
418 4123 619 4182 Christianus.-
631 4123 696 4183 666.
743 4126 813 4186 dur:
832 4125 950 4186 1161661.
971 4126 1032 4186 1161.

188 4200 250 4262 Bal·
784 4213 812 4289 ἓ.
839 4217 890 4276 67.
923 4219 975 4288 25)
1004 4218 1106 4275 cente:
1136 4217 1245 4277 helmst.
1287 4231 1297 4240 ”

229 4287 256 4368 5·
273 4293 322 4350 os.
347 4295 399 4364 24)
416 4292 445 4350 in
456 4289 623 4368 nlae'r'rfestis
637 4297 698 4354 die·
742 4294 803 4354 Bai.
