2594 4898
354 394 603 458 PRAEFATIO
626 394 845 459 anmoins.
1070 415 1132 459 xus

150 563 225 630 Vll.
272 563 341 629 Iam
366 587 461 646 supra
488 567 748 645 commemoravi,
782 563 899 630 multas
925 586 946 628 a
970 563 1132 650 Reginone

61 669 172 734 afferri
193 665 347 732 formulas
367 668 544 749 inquirendi
554 670 599 752 ⁴⁸),
629 668 849 757 iurisiurandi,
880 667 1132 747 manumittendi,

62 770 377 850 excommunicandi,
409 791 489 851 qnae
515 771 584 834 sine
611 770 707 834 dubio
735 791 778 834 ex
803 772 872 850 ipso
898 770 960 833 fori
984 775 1132 850 receptae

61 880 137 939 sunt
161 895 237 952 usu,
265 893 367 954 aeque
389 894 427 936 ac
448 873 545 953 duae,
573 894 654 954 quae
676 871 869 958 allegantur,
896 869 1049 953 epistolae
1067 871 1133 936 ior·

60 989 179 1042 motae.
852 990 857 997 '

151 1075 271 1142 Omnes
288 1075 348 1140 hos
366 1083 478 1141 auctor
494 1084 604 1140 noster
619 1077 725 1142 fontes
743 1099 865 1142 summa
883 1099 953 1143 cnm
968 1076 1133 1162 diligentia

60 1178 208 1244 adhibuit
224 1185 256 1244 et
271 1201 362 1258 cura,
386 1201 488 1259 neque
511 1177 577 1242 ullo
596 1181 700 1258 operis
717 1180 860 1243 invenies
882 1179 955 1244 loco
978 1180 1132 1259 deprava·
1187 1194 1190 1199 ·

60 1285 182 1346 tionem
199 1279 251 1344 vel
268 1280 536 1347 adulterationem
557 1281 597 1343 de
618 1280 773 1344 industria
789 1281 919 1346 factam.
963 1281 1048 1345 Sane
1067 1282 1133 1362 qui·

62 1385 136 1448 dem
160 1405 223 1448 non
249 1405 369 1463 paucae
391 1384 614 1463 inscriptiones
637 1391 692 1447 aut
713 1381 816 1445 falsae
842 1391 931 1463 sunt,
959 1390 1014 1447 aut
1039 1382 1133 1463 plane

62 1487 189 1565 desunt,
208 1487 265 1549 sed
282 1507 340 1567 pro
357 1488 478 1549 maiore
495 1486 529 1548 id
546 1492 636 1565 parte
654 1483 797 1548 fontibus
814 1486 935 1564 potins,
959 1506 1053 1567 quam
1070 1482 1133 1548 Re-

60 1591 170 1674 ginoni
192 1594 244 1653 est
259 1587 472 1652 tribuendum.
513 1585 690 1651 Permultoa
708 1607 786 1651 vero
805 1585 987 1651 collectioni
1004 1594 1131 1651 nostrae

60 1690 212 1754 debemus
236 1710 390 1768 canones,
414 1709 493 1771 quoa
516 1689 551 1752 in
573 1687 780 1752 conciliorum
802 1689 995 1753 editionibus
1013 1689 1132 1753 frustra

60 1793 272 1873 quaesiveris,
316 1815 345 1855 e.
373 1813 404 1876 g.
424 1789 666 1870 Trihurienses,
694 1788 916 1872 Turonenses,
943 1790 1130 1891 Remenses,
1229 1787 1238 1795 “

59 1892 329 1980 Rotomagenses,
356 1891 652 1978 Mogontiacenses,
678 1891 975 1981 Risphacenses¹'¹').
1023 1893 1131 1958 Incer-

59 2002 163 2060 torum
187 1997 323 2076 denique
345 1999 483 2075 capitum
506 1994 589 2058 haud
611 1997 747 2078 exiguus
770 2001 820 2059 est
844 2017 1009 2076 uumerus,
1037 2017 1131 2077 quum

60 2120 151 2179 saepe
178 2097 285 2162 nullus
311 2121 331 2161 a
356 2096 522 2182 Regiuono
549 2095 704 2182 allegetur
729 2097 818 2177 lons,
849 2098 906 2162 sed
932 2097 1130 2162 collectionis

60 2198 238 2264 vaticanae
263 2207 296 2263 et
311 2197 496 2263 Darmstad.
521 2198 641 2281 (Beitr.
657 2221 694 2284 p.
718 2205 771 2262 20.
799 2204 901 2281 seqq.)
929 2223 1005 2281 ope,
1036 2208 1129 2280 atque

60 2296 109 2365 hic
130 2301 199 2364 illic
223 2301 426 2383 inquirendo,
453 2300 675 2386 investigando
701 2301 926 2381 permultorum
960 2322 1128 2381 canonum,

61 2406 113 2484 qui
139 2401 271 2465 Balnzio
298 2402 399 2466 adhuc
426 2411 518 2467 erant
543 2404 713 2486 incogniti,
750 2424 864 2466 eruere
892 2402 971 2467 mihi
997 2405 1130 2491 contigit

61 2507 224 2592 originem.
759 2524 762 2529 ’

142 2607 212 2671 lam
246 2629 323 2671 vero
355 2605 508 2673 nonnulla
537 2604 578 2671 de
608 2607 843 2688 Appendicihus
874 2607 991 2673 addere
1021 2604 1128 2688 liceat,

62 2732 191 2791 quarum
207 2709 288 2773 haec
304 2716 415 2773 nostra
431 2717 497 2772 tres
516 2708 648 2774 exhibet
665 2710 774 2773 editio.
818 2710 985 2790 Acprima
1003 2710 1129 2792 quidem

61 2812 142 2875 haud
163 2810 264 2875 multo
287 2809 578 2896 postReginonem
601 2814 746 2877 confecta
767 2834 839 2877 esse
865 2813 1004 2893 videtur,
1033 2832 1128 2893 qumn

62 2936 95 2978 ea
110 2913 287 2997 Rotgerus,
306 2912 561 2993 archiepiscopus
577 2911 723 2992 Trever,
740 2936 816 3001 usus
833 2917 876 2978 sit
891 2917 925 2978 in
942 2915 1128 2978 adornanda

63 3015 248 3079 collectione
274 3037 347 3094 sua,
374 3037 448 3078 ann.
476 3020 549 3078 922.
577 3013 629 3079 vel
654 3020 716 3079 927
726 3020 798 3101 “i).
841 3014 887 3080 Ut
909 3038 929 3078 a
949 3015 1127 3100 Regiuone,

62 3118 101 3180 ita
122 3124 156 3181 et
178 3117 220 3180 ah
243 3125 373 3181 anctore
394 3116 486 3181 huius
504 3117 585 3199 App.
601 3115 760 3182 Vaticana
782 3118 926 3182 adhibita
943 3124 1008 3196 est,
1027 3126 1128 3199 nequ'e

62 3239 133 3284 vero
152 3227 275 3284 certmn
292 3227 421 3300 apparet
439 3217 605 3283 consilimn
618 3227 766 3300 certaque
779 3222 813 3284 in
827 3220 1028 3301 disponendis
1040 3220 1127 3305 frag·

50 3323 171 3384 mentis
188 3324 290 3401 ratio,
309 3343 408 3402 aeque
426 3329 521 3403 atque
538 3324 572 3384 in
590 3321 712 3385 dnobus
731 3320 801 3385 aliis
819 3321 901 3403 App.
918 3321 1128 3385 -Secunda

64 3421 277 3502 App.se1ioris
295 3431 346 3487 eat
362 3426 524 3504 temporis,
543 3444 638 3504 quum
654 3423 868 3506 fragmentum
880 3419 1128 3497 exhibentCon·
1142 3417 1155 3433 '

15 3700 18 3705 ,
126 3641 151 3706 *)
168 3647 346 3706 inquisitionis
360 3650 473 3698 formula
481 3651 563 3710 primo
573 3648 721 3709 anteposita
729 3648 795 3697 libro
805 3647 937 3696 simillima
945 3649 985 3695 est
998 3647 1037 3708 ei,
1051 3660 1128 3706 qnsm

62 3712 211 3763 murnum
228 3717 257 3762 in
271 3717 393 3778 capitulis
408 3720 461 3766 suis
476 3718 582 3767 exhibet
596 3714 706 3781 (Mauri,
726 3718 864 3766 Tomxv.
880 3717 930 3764 col.
945 3715 1029 3776 111),
1048 3720 1127 3775 atque

63 3782 181 3842 originem
195 3783 267 3832 ducit
276 3799 311 3833 ex
323 3786 497 3834 admonitione
508 3785 640 3847 synodali,
655 3799 721 3845 quse
734 3786 816 3832 Leoni
825 3787 867 3832 [v.
881 3784 959 3845 vulgo
969 3783 1128 3832 tribuituret

63 3852 161 3972 gistis
179 3854 310 3902 mutandis
328 3856 356 3902 in
372 3855 495 3903 universa
512 3854 625 3902 ecclesia
642 3854 798 3902 occidentali
816 3856 922 3913 recepta
940 3867 997 3901 esse
1015 3853 1125 3900 videtur.

93 3923 187 3981 citnp.
198 3922 254 3981 1⁶.)

121 4001 166 4064 **)
184 4005 242 4052 Vid.
250 4008 336 4056 Beier.
342 4024 370 4070 p.
383 4010 424 4055 12.
449 4001 491 4056 ilc
500 4008 709 4057 Triburiensibns
719 4006 836 4067 inprimis
847 4007 1001 4065 canonibus,
1018 4019 1127 4064 quorum

64 4072 143 4122 nuilus
154 4089 214 4121 cum
224 4077 274 4137 53,
284 4091 350 4135 quae
360 4078 438 4138 vulgo
447 4076 507 4124 huic
518 4077 630 4124 concilio
639 4077 666 4123 in
676 4075 751 4123 editis
760 4076 917 4136 tribuuntur,
928 4075 1053 4134 capitibus
1063 4088 1127 4122 con·
1225 4068 1235 4079 ⁰

63 4143 137 4201 nuit,
153 4143 231 4258 1cade
244 4145 359 4206 ratione,
379 4160 445 4205 quae
459 4159 516 4193 esse
529 4145 632 4192 videtur
641 4144 711 4192 inter
723 4144 783 4192 illos
794 4147 821 4192 et
831 4143 909 4205 haec,
928 4145 963 4191 ei.
977 4143 1036 4192 ibid.
1050 4159 1075 4203 p.
1085 4144 1126 4190 21.

19 4266 25 4275 ,
63 4219 138 4270 '‘tq-s
207 4225 292 4271 ·¹0‘l‘l·

62 4361 104 4408 ⁴8⁵
122 4293 180 4356 ***)
201 4298 239 4343 Gt.
255 4297 338 4346 Bes'tr.
349 4314 377 4359 p.
392 4301 432 4346 11.
447 4296 619 4346 etKrs'ts'scde
633 4296 727 4345 Jahrb.
735 4299 763 4362 f.
777 4297 800 4344 d.
816 4296 995 4358 Rechtssos'ss„
1014 4293 1088 4340 1838.
1097 4304 1125 4352 p.
