2594 4898
422 322 673 387 PRAEFATIO
696 323 916 389 ItlllelllS.
1153 349 1202 392 vn

135 495 205 558 dem
227 493 367 576 benigne
386 512 426 556 ac
447 490 604 556 benevole
623 491 758 558 Codices
781 496 1071 574 praestantissimos
1092 512 1112 560 e
1131 496 1203 563 lon·

133 599 256 682 ginqniu
274 594 465 661 mendo
484 597 684 660 occasionem
701 595 779 660 mibi
795 597 872 660 dare
893 604 987 678 atque
1005 597 1201 679 facultatem,

134 700 298 784 egregium
320 705 353 762 et
374 699 623 778 copiosissimum
647 697 819 784 colligendi
840 707 1025 780 apparatum
1047 703 1201 781 criticum,

134 810 165 867 et
184 801 359 866 multarum
378 821 483 864 rerum
509 802 690 880 acquirendi
721 804 882 882 notitiam,
911 824 991 881 quae
1018 803 1057 865 ad
1087 826 1202 884 propo·

134 907 230 969 situm
261 906 426 988 negotium
461 905 602 967 maxiano
637 911 708 967 erat
733 907 929 983 necessaria,
962 905 1107 990 dignatus
1142 916 1200 969 ost.

133 1005 230 1070 Haud
251 1008 402 1090 exignum
424 1012 590 1086 praeterea
612 1009 700 1086 operi
721 1029 793 1070 meo
816 1007 989 1071 subsidium
1011 1007 1118 1071 attulit
1144 1007 1203 1073 Vir

133 1108 185 1173 ille
209 1107 522 1187 Excellentissimus,
545 1130 637 1189 quem
659 1111 722 1172 iam
745 1110 786 1173 ad
808 1108 992 1174 coelestium
1015 1111 1107 1174 sedes
1131 1133 1201 1174 essa

134 1219 280 1275 evectum
299 1210 504 1274 vehementer
525 1232 635 1275 omnes
657 1211 817 1292 dolemus,
841 1212 1007 1291 Ancillas,
1033 1215 1086 1293 qui
1106 1214 1202 1277 rebus

134 1316 223 1397 regni
251 1310 413 1378 Bomssici
445 1317 587 1378 externis
618 1323 782 1394 praeerat,
814 1317 902 1380 cuius
937 1318 1119 1379 auctoritati
1146 1316 1202 1379 be·

135 1418 310 1498 nignacque
332 1417 553 1500 suffragationi
572 1418 844 1479 accuratissimam
866 1415 1088 1479 nonnullorum
1105 1415 1203 1479 Codi-

135 1540 201 1581 cum
221 1515 449 1582 vaticanorum
469 1519 570 1582 debeo
588 1521 763 1583 scientiam.
809 1518 908 1583 Gravi
926 1540 1020 1599 porro
1039 1517 1116 1582 mibi
1134 1520 1202 1581 tue

135 1628 205 1683 runt
227 1621 411 1684 adiumento
431 1621 491 1684 Vir
510 1620 578 1684 Cel.
603 1623 643 1686 de
658 1620 818 1705 Saoiguy,
841 1625 909 1703 qni,
932 1643 993 1702 qua
1011 1620 1144 1700 assolet,
1165 1620 1201 1684 li·

135 1721 302 1786 beralitate
331 1721 482 1787 Codicem
508 1726 671 1807 egregium
702 1724 914 1788 bibliothecae
944 1746 1036 1803 suae,
1073 1726 1105 1787 in
1141 1745 1202 1803 quo

136 1833 310 1888 memoratu
336 1825 520 1908 dignissima
547 1829 726 1890 continetur
751 1849 905 1890 canonum
928 1825 1074 1889 collectio
1084 1826 1128 1909 '‘J,
1156 1828 1203 1889 in·

136 1927 326 2008 spiciendum
350 1928 635 2007 conferendumque
662 1950 716 2008 per
738 1928 867 2012 longum
890 1930 1046 1992 concessit
1068 1935 1202 2007 tempus,

137 2038 163 2092 et
179 2029 255 2092 Viri
273 2028 369 2109 Dl).,
392 2030 534 2107 Haeret,
558 2031 695 2094 Richter
713 2040 746 2095 et
764 2031 905 2109 Roaetell,
924 2032 977 2109 qui
995 2031 1203 2109 praestantis·

137 2133 227 2194 simos
252 2129 390 2195 Codices
413 2131 464 2194 vel
485 2133 668 2215 apographa
690 2131 830 2196 officiose
848 2154 971 2195 mecum
993 2133 1203 2195 communica·

138 2241 256 2297 verunt.
284 2231 466 2297 Liberalem
484 2235 619 2314 denique
636 2235 824 2298 facilitatem
841 2238 872 2297 in
892 2235 1070 2321 aperiendis
1089 2231 1203 2296 biblio·

138 2334 233 2398 thecis
250 2335 586 2416 subministrandisque
605 2335 758 2400 Codicum
776 2336 1013 2412 collationibus,
1033 2334 1203 2398 bibliothe-

139 2459 240 2500 carum
273 2436 549 2501 celeberrimarum
580 2434 657 2501 mibi
687 2438 898 2518 praebuerunt
927 2437 1093 2516 praelecti,
1126 2433 1202 2498 VV.

139 2538 242 2618 cLL,
261 2537 576 2624 Letroane(Paris.),
595 2536 913 2624 Kopitar(Vienn.),
932 2536 1046 2601 Iacodr
1064 2535 1203 2616 (Goon),

139 2639 369 2706 schoenemann
392 2641 671 2725 (Guelpherbyt.),
704 2641 817 2722 quibus
843 2641 986 2704 omnibns
1014 2648 1047 2701 et
1073 2636 1204 2722 singulis

139 2747 348 2831 gratissimum
376 2752 537 2807 contestor
564 2746 717 2822 animum,
750 2764 907 2822 nunquam
938 2743 1091 2805 memoria
1121 2742 1205 2821 peri·

141 2852 248 2910 turum.

218 2947 291 3011 Iam
315 2968 409 3027 vcro,
436 2955 604 3029 antequam
630 2949 745 3028 ipsam,
773 2969 834 3028 qua
859 2967 933 3010 usus
961 2967 1029 3008 sum
1056 2947 1088 3007 in
1112 2946 1205 3008 ador·

141 3042 240 3114 nanda
261 3072 335 3113 mea
356 3052 512 3129 editione,
535 3053 690 3115 rationem
714 3071 874 3130 exponam
897 3056 991 3127 atque
1008 3046 1204 3125 ruuetbodnm,

142 3153 291 3230 quaedam
317 3153 475 3215 monenda
500 3153 577 3217 mihi
605 3172 675 3216 esse
703 3153 848 3215 videntur
874 3151 913 3213 de
939 3151 1006 3212 vita
1032 3147 1205 3233 Reginonis

143 3255 263 3334 eiusque
281 3254 439 3336 operibus.

219 3355 324 3420 Natus
341 3365 407 3436 est,
434 3356 605 3421 secandum
628 3355 768 3419 Annales
790 3352 1064 3434 Pmmienses”⁸),
1082 3349 1206 3435 Regino

144 3479 180 3520 ex
196 3457 403 3522 nobilissimis
420 3458 604 3539 parentibus
623 3461 654 3520 in
673 3457 757 3534 loco,
776 3458 829 3535 qni
847 3456 961 3518 dicitur
973 3451 1080 3530 „Alta
1098 3458 1207 3534 n‘pff,

142 3558 169 3621 it
194 3567 244 3623 est
259 3559 444 3645 Altrepiuus
471 3562 512 3625 ad
534 3560 689 3624 Rhenum.
738 3557 896 3637 Receptus
923 3557 1008 3617 inter
1033 3551 1207 3617 monachos

94 3624 107 3717 l
144 3661 282 3725 coenobii
299 3661 505 3745 Prumiensis,
529 3663 632 3725 ordini
651 3659 929 3724 benedictinorum
946 3658 1104 3736 inscripti,
1123 3668 1207 3719 anno

144 3765 213 3842 892,
237 3771 273 3827 ut
294 3766 362 3845 ipse
384 3750 423 3829 in
434 3762 508 3829 Lib.
526 3760 568 3828 ΙΙ.
589 3762 819 3827 Chronicorum
837 3762 876 3824 ad
896 3760 927 3826 h.
946 3782 992 3837 a.,
1016 3767 1049 3821 et
1064 3756 1207 3821 Annales

142 3858 336 3930 Prnmienses
358 3876 533 3947 testantur,
554 3865 744 3945 Faraberto,
769 3863 954 3928 monasterii
975 3858 1059 3925 illins
1082 3859 1204 3939 abbati,

202 4106 228 4170 ³)
246 4111 386 4157 Ct.librum
398 4125 495 4161 meum.
511 4109 554 4169 qui
564 4109 724 4156 inscribitur:
740 4108 868 4168 Beitriige
877 4090 926 4152 zur
939 4105 1079 4150 Kenntm‘sr
1093 4103 1139 4149 der
1148 4117 1209 4149 cur·

140 4178 334 4236 gratwas'rcdeu
344 4179 373 4224 K
372 4176 651 4239 tredearecdtsquctten
662 4177 792 4238 (Leipzig,
803 4177 907 4235 1839.),
917 4189 974 4235 pag.
985 4174 1025 4221 34.
1036 4186 1106 4231 seqq.

203 4294 250 4358 ¹¹)
268 4295 520 4362 Aredtcss'triitterc
528 4295 650 4345 mische
660 4294 909 4356 Gcscde'cdtskundc,
924 4293 957 4342 B.
968 4293 1006 4353 3.,
1018 4292 1044 4340 S.
1055 4292 1114 4336 291.
1123 4298 1192 4345 seqq.
