2594 4898
192 349 262 412 m
434 344 599 407 REGlNO
617 344 750 405 LIBER
766 342 1018 408 SECUNDUS.

192 517 265 597 bus,
292 517 354 581 nisi
380 521 620 594 convertantur,
646 512 722 577 olim
748 535 820 577 ersa
840 513 1026 592 damnatas,
1048 531 1129 593 quas
1150 517 1183 576 at
1202 533 1252 576 nos

191 617 365 706 apostolica
383 618 571 681 auctoritate
588 617 783 683 dmrmaudas
800 623 834 680 et
849 638 871 680 a
883 602 1109 681 communione
1122 611 1253 694 fidelium
1273 674 1275 684 .

191 731 286 802 atque
304 741 325 782 a
341 718 501 783 liminibus
520 716 673 784 ecclesiae
694 719 846 787 arcendas
871 717 942 781 fore
968 738 1139 783 censemus
1162 737 1252 799 usque
1293 758 1295 795 1

194 843 256 904 quo
274 821 426 886 obediant
442 822 598 901 episcopis
614 823 696 900 suis,
715 829 748 885 et
765 821 812 899 ad
824 819 941 886 bouum
952 820 1021 905 ⁸⁵),
1043 820 1135 901 quad
1150 840 1252 901 coepe·
1292 860 1295 889 ι

192 932 283 1004 runt,
310 926 429 987 invitae
455 930 513 987 aut
535 921 735 988 voluntariae
756 928 965 987 revertantur.
1009 918 1067 987 De
1088 921 1250 1007 virginibus
1291 1002 1294 1019 ι

191 1034 333 1109 autnon
354 1023 486 1103 velatis,
508 1025 537 1089 si
558 1025 773 1105 deviaverint,
796 1047 815 1089 a
832 1030 961 1090 sanctae
979 1025 1158 1089 memoriae
1172 1046 1250 1105 praa·

191 1130 360 1193 decessore
379 1134 488 1193 nostro
507 1127 593 1208 Papa
609 1125 845 1213 innocentio†)
862 1124 971 1191 taliter
984 1126 1153 1193 decretum
1166 1125 1251 1191 habs

190 1251 275 1296 mus:
291 1229 367 1295 Hae
383 1251 468 1310 verm
487 1251 569 1317 quae
585 1229 716 1295 necdum
732 1250 825 1294 sacra
841 1230 997 1293 velamine
1014 1237 1139 1315 tectae,
1158 1238 1251 1295 tm
1290 1261 1293 1269 =

190 1341 226 1398 in
245 1338 410 1419 proposito
430 1334 587 1417 virginali
605 1352 726 1416 semper
751 1354 786 1397 aa
810 1334 1044 1397 simulaverunt
1057 1350 1250 1417 pmcne.

192 1437 270 1503 licet
294 1437 423 1501 velatae
447 1454 510 1500 non
526 1435 674 1517 ficerint,
705 1441 737 1499 ai
758 1441 939 1518 nupserint,
969 1433 1019 1501 la
1045 1433 1179 1519 agenda
1202 1434 1251 1499 ali
1290 1488 1291 1495 ,

184 1548 311 1624 ‚quanto
329 1548 468 1623 tempore
478 1543 682 1621 poenitentia
700 1545 763 1616 eat,
786 1543 863 1623 quia
879 1541 1003 1623 sponsio
1024 1557 1141 1601 aaran
1157 1558 1180 1601 a
1193 1532 1249 1601 1»

192 1647 275 1705 mino
301 1641 478 1705 tenebatur.
522 1636 561 1703 Si
581 1646 661 1706 enim
682 1646 769 1703 inter
794 1638 931 1704 domimi
956 1640 1041 1702 colet
1060 1636 1250 1719 bonaefidei
1290 1658 1293 1669 ·

193 1752 377 1807 contractae
393 1745 483 1807 nullu
498 1749 627 1807 ratimae
644 1741 784 1821 daudet,
800 1751 920 1828 quanta
936 1747 1039 1824 magii
1054 1742 1248 1825 Μωσῆς
1290 1796 1291 1803 ,

193 1865 286 1930 quam
308 1864 377 1908 cum
393 1842 466 1908 Deo
480 1849 623 1927 pepigit,
646 1846 728 1909 anmi
745 1850 816 1908 siae
834 1845 978 1909 aramma
995 1862 1060 1907 aaa
1070 1850 1249 1928 permutat

192 1954 310 2009 cetera.
353 1943 438 2010 Nam
459 1948 488 2008 si
509 1947 646 2030 virgines
668 1945 806 2010 nondum
828 1945 952 2010 velatae
971 1943 1081 2009 taliter
1098 1947 1248 2027 poenitor

192 2051 239 2110 tia
259 2046 386 2129 publiea
406 2049 591 2128 puniuntur,
613 2055 647 2113 et
668 2071 688 2113 a
710 2058 804 2113 coetu
824 2045 966 2113 fidelium
986 2069 1088 2129 usque
1108 2050 1154 2115 ad
1170 2049 1248 2112 satis·

191 2149 365 2215 factionem
387 2149 614 2226 excluduntur,
636 2159 753 2231 quanto
775 2153 881 2233 potius
902 2152 1033 2230 viduae,
1057 2171 1143 2231 quae
1161 2149 1250 2233 petie
1289 2132 1295 2196 l

193 2253 302 2317 ctioris
327 2255 442 2317 aetatis
465 2259 497 2316 et
519 2240 699 2317 maturioris
720 2255 896 2333 sapientiae
917 2260 1009 2335 atque
1037 2251 1169 2317 consilii
1193 2252 1250 2317 exi·

193 2360 296 2435 stunt,
316 2356 519 2437 virorumque
542 2358 704 2419 consortio
726 2355 888 2420 multoties
905 2360 1092 2435 mearunt,
1112 2362 1149 2421 et
1165 2352 1250 2423 velari

193 2477 229 2520 sa
249 2459 475 2538 permiserunt,
495 2456 699 2539 habitumque
716 2456 878 2543 religionis
900 2463 1135 2537 assumserunt,
1158 2464 1193 2525 et
1207 2456 1250 2523 da·
1290 2516 1295 2556 1

192 2559 339 2644 ruum⁸⁶)
367 2563 639 2640 apostataverunt,
672 2568 766 2641 atque
797 2559 838 2624 ad
862 2561 949 2640 prius
962 2562 1012 2638 ⁸¹)
1040 2556 1252 2643 vomituum)
1291 2608 1295 2658 1

192 2671 267 2724 sunt
281 2683 447 2742 reversae,
465 2684 485 2725 a
501 2662 593 2726 nobis
612 2670 645 2726 et
662 2661 702 2726 ab
721 2662 865 2726 omnibus
883 2659 1044 2741 fidelibus,
1063 2684 1083 2725 a
1100 2660 1254 2727 liminibus
1292 2697 1295 2759 1

194 2761 347 2861 ecclesiae
374 2772 407 2828 et
433 2772 524 2827 coetu
551 2762 692 2828 fidelium
717 2787 816 2845 usque
844 2765 883 2828 ad
910 2762 1166 2829 satisfactionem
1190 2768 1254 2829 aunt

193 2860 402 2928 eliminandae
421 2875 454 2928 et
472 2866 649 2930 carceribus
666 2866 852 2946 tradendae,
872 2865 1006 2946 qualiter
1021 2867 1117 2931 iuxta
1135 2865 1254 2931 beatu·

192 2963 384 3044 Apostolum
402 2965 536 3031 Paulum
558 2969 722 3033 tradentes
742 2967 921 3032 huiusmodi
938 2967 1100 3031 bominem
1118 2970 1254 3045 satanae,
1281 2938 1292 3059 l

192 3073 228 3128 ut
253 3068 380 3145 spiritus
401 3068 509 3133 salvum
529 3072 572 3134 sit
593 3072 626 3134 in
649 3072 700 3136 dia
717 3068 859 3134 Domini.
906 3068 957 3133 Da
979 3068 1100 3135 talibus
1124 3074 1209 3135 euim
1227 3079 1255 3132 et

192 3166 347 3234 Dominus
360 3170 562 3254 perMoysen
572 3170 709 3253 loquitur
718 3173 915 3259 dicens††):
934 3171 1081 3252 Auferte
1094 3177 1210 3239 maiani
1221 3173 1255 3237 de

192 3273 292 3336 medio
305 3281 414 3338 vestri.
436 3273 487 3337 Da
502 3275 611 3355 quibus
630 3284 662 3339 ct
678 3297 734 3355 par
742 3272 1044 3362 Prophetam†††)
1063 3278 1125 3341 ait:
1139 3275 1255 3341 Laeta·

192 3373 278 3439 ditur
295 3383 411 3454 iuriae,
430 3400 498 3442 cam
515 3380 636 3444 viderit
651 3379 837 3456 uindictam,
854 3397 965 3442 manua
987 3398 1063 3442 auur
1086 3378 1211 3444 lavabit
1226 3385 1254 3443 in

191 3485 347 3562 raugam
362 3489 553 3563 peccatorio.
597 3481 649 3544 De
671 3479 788 3544 talibus
811 3501 945 3560 namque
968 3487 1136 3545 eteorum
1151 3481 1255 3547 simili·

191 3577 249 3642 bus
272 3588 366 3660 atqua
389 3584 509 3645 eisdem
532 3582 816 3661 consentientibus,
840 3584 914 3662 quia
936 3603 998 3645 non
1017 3580 1126 3646 solum
1144 3586 1198 3666 qui
1213 3583 1254 3647 fa·
1282 3524 1295 3649 l

192 3682 291 3761 ciunt,
310 3683 492 3764 sedetiam,
512 3687 564 3765 qui
581 3684 768 3749 facientibus
787 3685 1002 3763 consentiunt,
1022 3685 1070 3747 rei
1090 3695 1177 3767 sunt,
1194 3684 1253 3749 Do

1280 3952 1295 4089 l

219 4125 267 4224 Ὀ.
293 4125 427 4186 XLVlll.
467 4122 523 4209 85)
553 4129 696 4228 banaian:
741 4132 1248 4210 emendavimnserBeued.;vnm:
1272 4130 1295 4253 'a

192 4209 266 4268 Hild.
295 4210 356 4269 Bal.
402 4217 453 4284 86)
483 4222 597 4271 tunica:
624 4213 698 4272 Hrld.
742 4212 863 4277 llclmct.
986 4234 990 4239 ·
1278 4258 1295 4307 ,Ι

191 4294 251 4354 Bal.
288 4303 340 4370 87)
357 4299 460 4375 peius:
480 4297 548 4356 ibid.
585 4303 638 4373 88)
657 4302 700 4358 sic
