2594 4898
179 498 298 575 direxi,
319 493 461 559 utillum
482 514 539 573 pro
562 491 755 575 enkyridion
773 470 934 568 habeatis,
957 491 1127 572 siquando
1146 491 1247 572 pleni·

74 603 77 611 '
179 601 254 663 tudo
289 596 441 661 librorum
463 595 653 658 Vestrorum
669 596 702 656 in
731 594 980 672 praesentiarum
1009 614 1073 655 non
1101 600 1161 656 est.
1214 592 1246 657 Si

181 691 273 782 quem
294 705 401 762 autem
422 705 547 775 movet,
577 719 632 758 cur
653 693 919 773 frequentioribus
946 701 1142 773 nostrorum,
1175 697 1197 758 i.
1219 717 1245 758 e.

180 801 355 866 Galliarum
376 822 413 862 ae
437 799 627 862 Germaniae
655 794 858 860 conciliorum
889 816 966 858 usus
992 798 1052 858 sim
1078 796 1245 876 exemplis,
1286 808 1289 817 ’

180 905 314 982 accipiat
342 922 528 980 responsum
558 907 592 962 et
620 900 721 975 sciat,
762 899 834 975 quia
865 918 903 958 ea
933 900 1074 960 maxime
1104 899 1245 961 inserere

73 992 76 1002 ¹
180 1006 297 1080 curavi,
316 1026 395 1083 quae
414 1003 462 1065 his
480 999 664 1082 periculosis
682 997 874 1077 temporibus
893 1001 1011 1060 nostris
1029 1002 1245 1062 necessariora

180 1127 251 1168 esse
273 1107 409 1188 cognovi
433 1112 465 1166 et
488 1126 567 1184 quae
592 1103 631 1163 ad
653 1106 832 1178 susceptum
857 1103 1040 1179 propositae
1058 1122 1175 1163 causae
1193 1123 1244 1163 ne·

179 1208 300 1290 gotium
316 1206 475 1285 pertinere
490 1204 688 1268 videbantur.
716 1198 800 1263 Illud
817 1202 911 1266 etiam
926 1202 1146 1280 adiiciendum,
1165 1202 1246 1283 quod

178 1306 279 1370 multa
292 1307 484 1389 flagitiorum
497 1327 616 1391 genera
629 1303 690 1367 hoc
703 1304 840 1382 pessimo
856 1308 996 1383 tempore
1013 1305 1047 1365 in
1066 1302 1202 1367 ecclesia
1215 1312 1245 1367 et

177 1415 360 1488 perpetrata
381 1417 454 1471 sunt
485 1416 516 1472 et
541 1412 779 1487 perpetrantur,
808 1425 887 1483 quae
918 1407 1030 1483 priscis
1053 1406 1245 1484 temporibus

178 1511 336 1586 inaudita,
368 1511 441 1587 quia
458 1529 522 1570 non
540 1509 641 1584 facta,
670 1514 702 1568 et
723 1508 796 1568 ideo
814 1527 877 1568 non
895 1508 1012 1585 scripta
1030 1512 1062 1569 et
1079 1503 1158 1570 fixis
1176 1529 1245 1569 sen·

178 1612 287 1672 tentiis
305 1609 469 1686 damnata,
493 1630 572 1686 quae
589 1609 749 1670 modernis
770 1615 895 1686 patrum
911 1606 1029 1690 regulis
1048 1615 1080 1671 et
1098 1609 1246 1672 damnata

179 1717 251 1772 sunt
270 1717 303 1773 et
324 1711 462 1788 quotidie
481 1711 678 1772 damnantur.
724 1705 793 1770 Nec
820 1729 885 1772 non
912 1716 944 1770 et
970 1707 1046 1770 illud
1073 1710 1245 1788 sciendum,

180 1811 264 1891 quod
284 1813 366 1874 sicut
384 1812 527 1874 diversae
541 1812 690 1873 nationes
712 1807 898 1890 populorum
914 1811 998 1873 inter
1015 1831 1051 1873 se
1068 1812 1252 1891 discrepant

179 1933 313 1996 genere,
339 1912 497 1990 moribus,
528 1910 652 1996 lingua,
682 1910 822 1994 legibus,
848 1913 895 1973 ita
919 1919 1030 1975 sancta
1059 1912 1252 1977 universalis

180 2012 315 2077 ecclesia
331 2020 401 2076 toto
416 2013 493 2077 orbe
507 2020 661 2077 terrarum
674 2013 801 2091 diffusa,
821 2016 963 2092 quamvis
976 2016 1009 2076 in
1026 2015 1149 2077 unitate
1171 2012 1256 2079 fidei

179 2117 399 2199 coniungatur,
413 2122 522 2179 tamen
535 2114 810 2179 consuetudinibus
824 2112 1046 2179 ecelesiasticis
1060 2118 1098 2179 ab
1112 2118 1257 2179 invicem

179 2215 308 2280 niffen(
326 2216 419 2279 Aliae
436 2217 589 2300 siquidem
608 2217 852 2281 consuetudines
868 2219 903 2279 in
922 2215 1096 2281 Galliarum
1114 2215 1256 2283 Germa·

177 2320 311 2399 niaeque
328 2320 434 2401 regnis
451 2320 485 2382 in
503 2316 725 2382 ecclesiasticis
752 2315 864 2381 officiis
880 2321 1091 2398 reperiuntur,
1113 2317 1198 2393 aliae
1214 2323 1257 2393 im

177 2419 379 2483 orientalium
395 2423 524 2503 regnis,
550 2422 771 2485 transmarinis
788 2419 980 2502 regionibus.
1024 2419 1140 2485 Monet
1155 2444 1253 2501 prae-
1278 2436 1286 2451 ’·

175 2526 266 2583 terea
282 2523 449 2600 scriptura,
467 2524 632 2600 terminos,
650 2520 684 2584 id
698 2527 759 2598 est,
778 2518 866 2604 leges
884 2527 917 2584 et
933 2522 1074 2601 decreta,
1092 2542 1176 2601 quae
1191 2545 1251 2605 pa·

175 2626 241 2683 tres
255 2623 357 2683 nostri
369 2628 552 2701 posuerunt,
571 2624 757 2685 omnimodis
776 2622 1003 2702 observandos,
1016 2645 1075 2687 nee
1087 2622 1250 2693 ullatenus

176 2722 347 2782 temeraria
381 2725 614 2800 praesumtione
643 2724 938 2805 transgrediendos,
966 2731 1158 2805 quapropter
1189 2748 1245 2791 aa·
1285 2744 1289 2815 ᾗ

176 2826 371 2883 tecessorum
389 2829 568 2885 nostrorum
584 2825 718 2907 vestigia
735 2845 886 2904 sequens,
909 2827 1104 2889 diversorum
1120 2834 1242 2906 patrum
1285 2818 1289 2867 ³

175 2921 304 2985 diversa
324 2929 444 2986 statuta
466 2925 500 2987 in
522 2925 631 2988 ordine
650 2925 782 3009 digessi,
811 2923 942 2989 lectoris
964 2926 1080 2991 iudicio
1107 2927 1240 2993 derelin-
1283 2878 1289 2997 l

177 3043 285 3101 quens,
309 3024 382 3101 quid
398 3026 596 3103 potissimum
612 3024 731 3108 eligere
749 3048 786 3089 ac
809 3028 985 3105 approbare
1003 3027 1104 3093 malit·
1137 3027 1239 3095 Susci-
1283 3008 1289 3125 l

175 3125 255 3201 piat,
277 3145 353 3207 ergo
380 3122 441 3188 hoc
474 3148 607 3205 parvum
636 3126 856 3191 munusculum
882 3126 1001 3194 Vestra
1030 3131 1174 3220 dignatio
1204 3151 1239 3197 ea

176 3221 387 3309 benignitate,
418 3247 479 3306 qua
503 3226 671 3291 devotione
696 3231 826 3292 missum
849 3237 898 3295 est
920 3253 940 3293 a
960 3253 1033 3297 mea
1054 3234 1237 3319 exiguitate.

175 3323 294 3392 Valeat
310 3326 415 3411 gloria
434 3329 634 3393 beatitudinis
652 3327 787 3393 Vestrae
804 3329 857 3395 bie
875 3338 909 3395 et
924 3334 958 3397 in
974 3333 1092 3398 futuro.
1127 3334 1236 3401 Amen.

195 3477 410 3547 EXPLICIT
429 3480 681 3548 PRAEFATIO
701 3482 856 3549 OPERIS
874 3483 1217 3562 SUBSEQUENTIS.

599 3797 813 3811 Ἥ
