2594 4898
357 337 437 416 Cap.
457 336 647 400 CLXXVI-
663 337 831 401 CLXXXII.
1080 340 1126 401 88

144 503 180 568 C.
200 466 392 569 CLXXIX.
436 503 492 570 Ne
507 507 621 571 clerice·
636 505 786 573 tabernas
802 507 1038 592 ingrediantur.
1136 521 1184 567 111

248 641 307 705 Ex
330 639 504 705 Concilio
531 641 915 730 Laodicenai²¹)³⁸⁹).

142 761 186 825 Ut
203 759 311 825 clerici
329 762 445 825 edendi
467 760 518 826 val
541 760 668 826 bibendi
695 785 791 827 causa
815 765 965 828 tabernas
993 787 1055 830 non
1077 767 1124 829 in·
1223 835 1226 841 ,

10 852 31 913 -¹
73 862 254 941 gradiantur,
274 864 333 926 nisi
351 866 615 947 peregrinationis
633 869 824 931 necessitato
842 866 1005 947 compulsi.

290 1030 327 1094 C.
348 1030 525 1097 CLXXX.
569 1034 654 1099 Item
673 1036 713 1100 de
731 1037 839 1101 ecdem
856 1052 902 1101 re.
1134 1056 1184 1103 Ita

230 1189 232 1193 ·
310 1168 369 1233 Ex
387 1167 578 1248 Concilio,
597 1193 667 1251 quo
685 1171 850 1260 supra⁸).

142 1285 241 1363 Quod
269 1310 331 1351 non
359 1298 520 1370 oporteat,
547 1312 638 1353 sacro
665 1293 928 1373 ministeri0³⁹⁰)
955 1294 1080 1358 deditos
1104 1318 1124 1357 a

61 1391 250 1472 presbyteris
272 1413 371 1471 usque
394 1392 435 1453 ad
462 1392 612 1455 diaconos
640 1399 673 1454 et
697 1391 851 1472 reliquum
874 1393 1123 1458 ecclesiasticum

62 1495 213 1572 ordinem,
233 1496 253 1554 i.
273 1515 319 1572 e.,
345 1495 504 1574 usquead
530 1493 756 1572 subdiaconos,
784 1494 934 1572 lectores,
962 1505 1123 1577 cantores,

58 1599 232 1659 exorcistas
269 1603 302 1658 et
328 1597 491 1674 ostiarios,
537 1605 569 1659 et
597 1618 639 1658 ex
671 1617 802 1659 numero
830 1600 1058 1661 continentium
1091 1606 1124 1662 et

57 1697 295 1776 monachorum,
313 1699 437 1783 ingredi
454 1698 611 1762 tabernas.

328 1868 366 1935 c.
385 1868 579 1934 ccxxxi
625 1822 721 1936 ¹um
736 1894 846 1956 supra.
1130 1914 1181 1957 ῃ.

285 2006 347 2068 Ex
374 2007 573 2070 decretis
599 2005 890 2090 augustiati).

139 2122 307 2188 Tabernas
334 2124 437 2188 nullus
468 2124 675 2205 clericorum,
707 2135 742 2191 ut
768 2149 923 2189 canonum
954 2127 1122 2207 probibent

56 2229 199 2305 decreta,
227 2248 321 2290 causa
343 2228 486 2290 sumendi
509 2227 571 2290 cibi
590 2236 645 2289 aut
662 2236 755 2305 potus
775 2231 891 2290 audeat
909 2229 1042 2311 ingredi.
1087 2229 1123 2291 si
1155 2254 1167 2269 ’-

56 2332 120 2408 quis
150 2329 231 2392 haec
257 2329 439 2403 violaverit,
476 2337 511 2392 ut
547 2337 728 2392 sanctorum
759 2349 914 2391 canonum
947 2339 1124 2392 contemtor

57 2433 217 2495 acerrimis
236 2433 421 2513 corripiatur
439 2429 621 2514 disciplinis

311 2602 348 2666 C.
368 2601 578 2699 CLXXXII.
623 2601 677 2666 De
694 2603 802 2666 eadem
820 2625 866 2666 re.
1133 2627 1181 2671 1ao

267 2738 324 2801 Ex
353 2736 528 2801 Concilio
556 2736 853 2822 Carthaginensi
867 2743 907 2824 e).

140 2844 293 2937 Clericus,
321 2860 373 2937 qui
399 2878 462 2922 non
480 2879 537 2938 pro
562 2859 694 2921 eruendo
718 2857 835 2939 aliquid
855 2861 888 2923 in
907 2858 1053 2923 nundinis
1072 2857 1123 2921 vel

54 2965 83 3024 in
101 2962 174 3024 loro
195 2960 392 3039 deambulat,
411 2959 451 3023 ab
471 2958 576 3023 officio
595 2982 652 3023 suo
672 2961 870 3045 degradetur.

56 3119 193 3178 allegasset
211 3119 320 3177 fontem,
337 3119 483 3177 exeodem,
503 3132 553 3176 quo
571 3119 735 3177 antecedens,
751 3118 867 3167 Concilio
885 3118 1050 3171 derivandum
1065 3132 1122 3165 esse

56 3188 154 3246 putavit
163 3184 339 3244 Barchardus3
359 3189 392 3234 ct.
402 3188 478 3233 Decr.
488 3188 517 3234 V.
529 3188 586 3234 360.
596 3187 664 3234 XIil.
675 3189 715 3234 30.
735 3188 800 3235 nist.
810 3187 929 3233 XXXIV.
940 3202 962 3234 c.
972 3189 996 3234 2.

122 3257 151 3302 C.
170 3254 308 3301 CLXXIX.
343 3253 388 3315 rr)
401 3256 429 3302 C.
445 3256 484 3302 21.
504 3258 581 3302 Conc.
592 3256 678 3302 Carth.
689 3257 729 3301 III.
740 3255 773 3316 (a.
788 3254 868 3312 301),
888 3250 942 3317 (ap.
958 3256 1032 3301 Dian.
1044 3267 1066 3302 c.
1076 3255 1120 3302 40.

56 3323 130 3370 Hadr.
142 3337 163 3371 c.
174 3323 328 3377 1)-0011.
339 3325 397 3371 Vat.
408 3337 430 3369 c.
441 3324 499 3371 321,
511 3324 605 3382 (Innr):
626 3323 670 3368 Ea
681 3323 756 3370 Cone.
769 3321 909 3382 carthag„
927 3322 1008 3367 Dacb.
1019 3324 1059 3368 III.
1071 3322 1122 3378 60.,

56 3393 112 3441 Ans.
124 3391 182 3437 ded.
197 3390 226 3437 V.
245 3392 285 3439 83.
303 3415 337 3425 -
355 3390 450 3446 Burcb.
467 3393 495 3439 II.
513 3393 570 3439 130.
586 3386 652 3453 (8.),
670 3391 747 3436 Decr.
763 3390 805 3437 VI.
821 3391 878 3438 204.
895 3386 965 3452 (B.):
984 3388 1030 3435 Ex
1047 3389 1123 3435 Cone.

57 3458 147 3507 Carth.
157 3474 180 3507 c.
190 3459 245 3518 25„
267 3458 333 3507 nist.
341 3460 430 3508 XLIV.
441 3474 462 3507 c.
473 3461 497 3507 4.

55 3565 62 3574 .
122 3529 151 3574 C.
170 3527 297 3574 CLXXX.
333 3524 361 3588 a)
371 3531 449 3575 Conc.
459 3526 563 3576 Laudic.
573 3525 643 3585 (hab.
657 3525 725 3571 inter
739 3538 764 3570 a.
779 3525 837 3571 341.
853 3526 878 3570 et
893 3523 964 3583 381.)
979 3537 1000 3570 ο.
1015 3525 1055 3569 24.
1071 3521 1124 3583 (in-

55 3601 132 3655 terpr.
141 3594 240 3656 Dion).
259 3594 323 3642 Coll.
335 3598 391 3644 Vat.
401 3610 424 3644 c.
434 3598 491 3642 322.
502 3594 597 3654 (Ionr):
616 3593 661 3639 Er
672 3594 747 3641 vane.
761 3592 915 3640 Laudiceae.
932 3591 1011 3639 Dacis.
1027 3595 1067 3640 III.
1084 3594 1124 3640 at.

54 3666 112 3711 Ans.
133 3663 189 3711 ded.
210 3663 238 3711 V.
257 3665 298 3712 82.
316 3687 352 3697 -
369 3664 461 3712 Bnrch.
481 3666 509 3709 IL
524 3665 581 3709 131.
595 3663 661 3722 (a),
680 3663 757 3711 Decr.
772 3663 813 3709 VI.
828 3663 886 3708 205.
901 3656 966 3723 (Β.);
983 3660 1029 3709 Ea*
1048 3662 1124 3710 Cane.

54 3732 135 3780 Laod.
144 3746 167 3780 e.
178 3733 228 3790 24,
238 3733 299 3780 Ans.
309 3734 361 3780 VII
372 3735 423 3792 91,
433 3734 498 3780 Dirt.
507 3732 596 3780 XLIV.
607 3745 629 3780 c.
639 3733 663 3778 2.

121 3802 150 3849 C.
169 3800 308 3849 CLXXXI.
344 3801 371 3860 b)
381 3801 445 3848 Coit.
456 3802 514 3848 Vat.
524 3814 545 3847 c.
556 3801 613 3847 323.
624 3796 718 3859 (tons):
741 3798 813 3846 Unde
827 3812 916 3861 cupra.
934 3797 980 3845 Eu·
993 3799 1125 3846 institutis

51 3875 167 3927 patrum.
185 3894 221 3904 -
239 3868 331 3917 Burcb.
342 3871 372 3917 II.
383 3870 441 3917 120.
451 3865 515 3928 (a),
534 3868 609 3915 Decr.
620 3870 661 3915 VI
674 3870 731 3915 203.
742 3865 799 3926 (3.).

121 3939 149 3984 C.
169 3937 320 3985 CLXXXII.
348 3936 375 3997 c)
384 3939 449 3985 Stat.
459 3936 523 3984 ecci.
533 3939 586 3985 ant.
596 3950 618 3983 c.
629 3939 669 3984 34.
680 3961 713 3970 -
731 3936 796 3984 Coti.
806 3936 828 3981 V
829 3937 864 3985 at.
874 3949 896 3983 c.
907 3937 975 3997 188,
992 3933 1074 3982 Dacb.
1083 3937 1124 3981 ΠΙ.

96 4055 133 4114 C.
155 4053 313 4117 CLXXIX.
349 4058 423 4131 389)
446 4055 488 4113 sic
508 4074 568 4113 on·
614 4053 679 4115 Vat-
698 4053 810 4130 Regino
835 4053 965 4112 contudit
984 4053 1126 4112 cumian-

56 4159 107 4201 ras
126 4137 221 4199 Codd.
241 4139 313 4199 false
335 4140 453 4201 inscrib.
478 4139 570 4199 Causa
613 4140 744 4201 tancrtri
755 4140 858 4217 capitis
872 4138 977 4197 ibidem
988 4138 1124 4214 allcgato.

56 4225 570 4303 errorisscqucnacaputluissavidc-
657 4222 691 4283 C.
710 4222 851 4283 CLXXX.
881 4228 954 4294 390)
975 4223 1123 4281 misterio.-

56 4321 117 4383 tur,
137 4312 220 4373 cnins
230 4311 446 4390 inscriptionem
458 4311 486 4371 in
498 4310 571 4371 (loll.
616 4309 734 4369 Holmst.
755 4307 876 4387 Gnatpb.
896 4307 1002 4366 Viaca.
