2594 4898
318 322 399 400 a...
418 320 865 391 cocenim-coccum.
1056 326 1130 399 ssu

88 491 94 551 ἰ
112 489 159 553 ire
174 488 396 555 mendicando.
437 489 482 557 Et
497 487 553 555 ubi
570 488 652 555 tales
670 490 791 555 inventi
810 490 944 571 luerim,
971 490 1129 573 quilubo-

88 612 134 655 ue
151 589 295 655 mosibus
312 600 459 672 possum,
480 600 514 657 et
530 613 595 662 noo
610 591 834 679 racionem),
856 591 960 659 nullus
977 595 1024 659 eis
1042 594 1130 683 quid-

88 714 158 757 uum
175 693 315 759 tribuere
333 701 523 774 praesumat.

89 877 349 947 ‚ccccxiii
392 879 447 947 De
469 903 518 960 co,
545 889 603 969 pus·
621 880 753 949 donnum
777 889 917 971 episcopi
934 885 988 949 vel
995 882 1187 969 presby-aro

387 991 454 1049 tera·
461 985 673 1073 parvipendit
684 987 804 1071 ¹)m).
1107 984 1111 991 ’

145 1116 297 1200 Quisquis
314 1120 452 1184 bannum
470 1117 522 1183 vel
541 1123 901 1185 excommunicationem
922 1123 1059 1203 episcopi
1076 1123 1128 1185 sel

88 1221 237 1304 cesbyteri
253 1224 305 1285 sui
321 1221 531 1301 superbiendo
545 1224 790 1303 parvipenderit,
809 1222 859 1295 bio
877 1221 950 1288 talis
966 1223 1008 1288 sb
1026 1222 1128 1288 eccle·

88 1325 255 1404 apeuitss
280 1322 443 1388 evellatur.
486 1323 542 1388 Ait
566 1327 650 1389 enim
671 1323 829 1389 Dominus
855 1325 895 1389 ad
922 1325 1126 1412 moyseum:

88 1432 194 1504 aissa,
223 1447 305 1512 quae
330 1423 537 1510 superbiendo
560 1428 743 1492 mdutuss
768 1425 901 1492 Doctus
923 1437 1127 1513 transgressu

88 1535 180 1607 serit,
201 1526 324 1613 pendit
344 1529 385 1592 de
400 1531 518 1612 popolo
539 1549 606 1592 suo.
651 1528 736 1592 Hinc
758 1527 914 1593 Dominus
935 1531 969 1592 in
990 1550 1127 1614 evange-

88 1630 186 1714 o††):
213 1627 278 1705 diss·
290 1652 344 1694 ooc
360 1638 493 1714 spernit,
511 1651 559 1695 sse
575 1638 708 1715 mouit.
752 1631 796 1696 Et
811 1629 946 1714 Moyses
963 1636 1126 1695 mutumn-

88 1731 145 1795 bus
164 1731 242 1794 dicit
251 1734 349 1810 †††):
378 1731 455 1796 Non
472 1743 584 1797 contro
600 1754 649 1798 sse
671 1744 721 1798 est
736 1754 874 1798 murmur
889 1743 1043 1811 vestrum,
1070 1735 1128 1798 sed

88 1844 171 1898 miro
187 1832 365 1898 Dominum.
405 1834 447 1898 Et
462 1831 594 1899 Dathan
613 1843 645 1900 et
662 1835 783 1900 Abiron
801 1836 866 1899 vivi
883 1833 1024 1914 absorpti
1040 1848 1124 1912 sunt,

88 1938 128 1999 da
146 1937 388 2000 insurrexerunt
404 1937 556 2001 adversus
574 1938 709 2000 eundem
726 1935 878 2020 Moysen,
901 1944 935 2002 et
952 1939 1019 2000 eius
1036 1957 1124 1999 man·

88 2047 165 2102 itum
181 2046 381 2119 spreverunt,
409 2045 442 2101 et
458 2039 531 2102 ideo
554 2037 619 2103 tale
636 2038 740 2102 scelus
757 2039 944 2125 gravimm
960 2038 1123 2102 vindican-

88 2161 130 2205 un
148 2149 209 2205 est.

88 2326 107 2392 ἶ.
130 2324 373 2393 ccccxxvi.
418 2327 472 2395 De
482 2327 679 2413 presbytero,
702 2329 879 2415 quisuert’t
896 2326 1103 2413 degradatos.
1130 2345 1179 2390 eso
1249 2352 1254 2363 ·

188 2480 192 2487 “
233 2464 293 2529 Ex
310 2462 610 2548 capitularibus,
630 2463 741 2529 titulo
759 2464 934 2551 Xiim).
1245 2552 1251 2563 .

141 2581 178 2649 Si
199 2585 268 2663 quis
288 2584 456 2667 presbyter
477 2584 517 2649 ab
543 2586 690 2665 episcopo
712 2605 769 2648 suo
794 2583 892 2651 fuerit
917 2582 1119 2668 degradatum,

120 2881 150 2924 c.
170 2877 334 2926 ccccxxv.
369 2878 394 2936 s)
412 2878 472 2928 Cod.
485 2880 593 2929 iielmsi.
607 2879 634 2929 iu
648 2879 697 2927 bne
712 2879 780 2928 iuter
792 2878 844 2929 slis
858 2878 945 2939 espita
958 2878 1006 2926 boe
1016 2891 1117 2937 quoque

88 2946 167 3004 bibet,
181 2946 317 3004 etquidem
328 2960 385 2993 cum
399 2947 578 3007 inscriptione:
597 2948 641 2996 lde·
650 2949 727 2997 dictis
738 2947 878 2996 Fructuosi
890 2949 1008 3008 episcopi,
1023 2946 1067 2992 sed
1077 2947 1118 2993 in-

88 3014 213 3074 *Regulus
226 3015 283 3062 eius
296 3017 327 3061 sb
336 3015 471 3064 llolstenio
479 3016 553 3076 (God.
567 3017 656 3077 Regul.
664 3018 737 3065 Toru.
746 3017 778 3076 1.)
791 3016 887 3076 publici
901 3016 963 3064 iuris
973 3016 1056 3062 lsctss
1064 3028 1118 3062 non

102 3086 248 3143 repertum,
266 3086 293 3130 et
306 3083 337 3130 de
350 3083 456 3142 reliquis
464 3085 602 3132 Fructuosi
614 3085 734 3145 operibus
747 3084 811 3131 nibil
821 3083 947 3144 innotuit,
966 3086 1036 3131 certe
1045 3083 1118 3130 nulls

88 3163 141 3198 mss
150 3150 334 3199 exsisteditio.

121 3220 149 3266 c.
168 3220 343 3267 CCCCXXVL
378 3219 401 3279 t)
419 3219 520 3280 Pippiui
530 3218 640 3279 Capitol.
649 3220 773 3267 Veniens.
783 3232 842 3266 sun.
851 3221 918 3276 755„
933 3233 955 3265 c.
965 3221 998 3277 9.,
1006 3217 1032 3264 in
1044 3231 1116 3264 conr-

88 3285 171 3332 ndium
182 3287 328 3345 redactum
343 3289 376 3336 cf.
387 3288 480 3334 Bened.
491 3290 552 3346 Cep.
560 3289 589 3333 L.
598 3289 617 3333 1.
627 3300 648 3333 c.
659 3288 699 3335 ⁶2.
708 3311 743 3321 -
755 3284 1116 3345 Burcls.li.1‘19.(li.)‚1)ecs.

88 3389 90 3402 .
105 3354 165 3402 224.
179 3355 243 3415 (B.):
261 3355 306 3405 Bc
320 3357 396 3405 Cone.
414 3356 531 3404 Taleton.
546 3371 567 3402 c.
577 3359 614 3414 6.;
629 3355 660 3402 de
674 3368 753 3404 ceuss
762 3355 845 3403 feisse
854 3351 1116 3413 buiusinscriptionis

88 3422 102 3470 l.
111 3423 248 3483 noim).

131 3604 135 3611 Ι
166 3549 234 3713 ‘di
248 3551 318 3595 Num.
333 3566 353 3596 c.
369 3555 401 3595 15.
415 3566 437 3598 o.
479 3585 484 3596 .

224 3603 306 3656 idac.
321 3618 341 3648 c.
356 3609 388 3648 it).
403 3617 424 3647 o.
439 3607 472 3648 ie.

226 3656 322 3708 inker.
337 3669 358 3700 c.
372 3658 432 3700 ido
454 3662 476 3701 8,

92 3778 126 3835 C.
159 3776 363 3839 ccccxxiv.
396 3786 470 3852 772)
488 3778 562 3858 suc·
597 3783 695 3856 Pacis.
713 3779 857 3859 (etBal.)
879 3780 977 3841 laisum
996 3779 1116 3843 exbibet

88 3872 124 3934 rt,
160 3865 222 3923 nebi
244 3865 377 3925 monibus
406 3866 559 3927 luderent:
605 3869 834 3946 inscriptionem:
854 3869 906 3926 Ec
915 3866 1049 3926 Concilio
1061 3868 1116 3928 Tu·

88 3947 125 4024 ig.
328 3982 340 3993 --
603 3954 703 4013 Ieiuno
721 3955 790 4017 XII.
814 3971 880 4032 csp.
898 3956 945 4023 6.,
973 3951 1114 4030 similique

90 4033 125 4091 C.
155 4032 347 4101 CCCCXXV.
376 4041 454 4106 773)
477 4038 560 4096 Unde
604 4037 715 4101 Codice
745 4056 814 4099 rsus
844 4048 891 4097 esi
920 4034 1112 4107 Bunluin,

88 4135 157 4179 scs:
175 4117 297 4199 Gsslpb.
317 4120 422 4181 Vienu.
440 4110 558 4185 llelmst.
603 4124 651 4201 qui
673 4124 820 4185 itess'iroc
837 4132 923 4200 cspot
943 4122 985 4181 ilii
1003 4115 1114 4183 sdscti·

90 4201 110 4262 Ι.
419 4236 423 4241 -
603 4207 646 4269 bit
660 4206 806 4280 Concilio,
822 4204 884 4267 vid.
903 4216 965 4267 not
982 4211 1019 4277 t).

90 4287 123 4346 C.
148 4288 354 4351 ccccxxvi.
382 4297 455 4364 774)
485 4291 557 4351 Cod.
976 4322 981 4331 ·
1012 4318 1016 4325 ·
